4704 5988
1269 385 1289 449 4

1202 478 1353 485 -....--

369 595 489 677 Itaque
513 595 540 658 si
565 591 606 657 ob
631 613 735 657 annos
758 592 878 656 astatis
900 591 1107 670 Messalinus,
1131 593 1263 686 quaudo
1285 593 1424 676 primum
1447 597 1547 675 poeta
1576 613 1649 656 cum
1682 591 1785 686 tratre
1809 592 1935 672 fuisset,
1969 615 2032 658 nnn
2063 615 2183 679 eogno-

374 705 480 777 verat,
504 718 577 760 eum
601 696 714 760 ovidio
737 695 905 780 aliquanto
927 695 1084 761 minorem
1106 695 1209 762 fuisse
1242 705 1389 780 apparet.
1436 695 1574 761 Constat
1602 700 1711 760 autem
1733 694 1922 761 Messallam
1949 703 2027 780 post
2056 697 2181 764 cladem

370 801 582 884 Philippicam
605 799 782 866 Antonium
806 806 953 866 secutum
975 802 1009 864 in
1031 800 1213 885 Aegyptum
1235 800 1334 867 huius
1361 800 1422 865 viri
1448 798 1548 865 rebus
1578 799 1708 876 favisse,
1739 799 1843 864 denec
1870 799 2014 864 furorem
2049 801 2117 866 aius
2143 801 2180 868 in

371 903 577 986 Cleopatram
608 901 817 968 libidinosum
840 908 1012 968 aversatus
1042 908 1075 966 et
1107 904 1295 970 detestatus
1319 904 1362 967 ad
1383 908 1496 985 partes
1519 901 1686 966 Octaviani
1708 903 1937 986 transieritu).
1975 904 2083 988 Atque
2105 925 2180 970 cum

369 1008 526 1090 Iosephus
558 1026 632 1071 eum
663 1028 692 1072 a.
714 1009 757 1072 40
779 1007 900 1071 Romae
930 1006 1030 1071 fuisse
1052 1009 1175 1086 tradat,
1205 1007 1347 1074 fumasse
1369 1007 1431 1072 hoc
1451 1005 1524 1089 ipso
1547 1027 1634 1070 anno
1658 1006 1701 1069 ad
1723 1004 1906 1089 Augustum
1930 1007 2060 1075 defecit.
2103 1009 2180 1074 Jam

369 1112 556 1178 Graeberus
588 1117 678 1175 recte
709 1115 819 1176 monet
853 1111 883 1175 ei
913 1117 990 1176 ante
1019 1111 1081 1176 hoc
1107 1117 1236 1196 tempus
1264 1112 1340 1176 inde
1368 1110 1411 1176 ab
1440 1130 1528 1175 anno
1550 1113 1593 1176 44
1621 1112 1794 1192 perpetuis
1825 1109 2021 1176 tumultibus
2052 1113 2178 1196 agitato

368 1219 419 1280 vix
441 1215 632 1280 facultatem
655 1235 727 1280 esse
751 1215 862 1280 datam
884 1215 995 1280 uxoris
1019 1216 1204 1280 ducendae:
1227 1215 1302 1280 inde
1325 1235 1485 1298 apparere
1508 1212 1721 1280 Messalinum
1751 1233 1816 1278 non
1850 1219 1964 1278 natum
1995 1234 2068 1280 esso
2099 1221 2177 1280 ante

369 1341 399 1384 a.
422 1320 475 1385 39.
521 1318 586 1384 Sed
608 1339 682 1383 eum
703 1340 769 1384 non
791 1319 838 1384 ita
859 1318 962 1384 multo
986 1325 1060 1401 post
1082 1320 1144 1384 hec
1165 1325 1295 1402 tempus
1318 1339 1391 1386 esse
1415 1323 1560 1383 creatum
1583 1337 1601 1380 e
1625 1315 1753 1382 Tibullo
1777 1316 1893 1395 elucet,
1918 1315 1974 1400 qui
1998 1339 2072 1384 eum
2093 1319 2180 1384 inter

369 1423 428 1488 XV
453 1426 539 1488 viros
571 1424 672 1487 sacris
702 1421 862 1487 faciundis
893 1423 1055 1486 adlectum
1083 1422 1310 1507 praedicat'⁶).
1356 1421 1435 1487 Cum
1469 1426 1579 1486 autem
1610 1417 1759 1485 Tibullus
1789 1441 1818 1486 a.
1844 1420 1884 1485 19
1918 1420 2038 1486 obierit
2070 1442 2177 1506 neque

367 1526 567 1592 Messalinus
591 1527 633 1592 ad
655 1527 812 1591 honorem
834 1525 924 1590 illum
947 1532 1024 1591 ante
1046 1532 1210 1609 sumptam
1232 1533 1343 1611 togam
1365 1526 1490 1590 virilem
1507 1523 1687 1590 ascendere
1701 1525 1906 1606 potueritfl),
1931 1525 2057 1589 etiamsi
2078 1531 2179 1608 poeta

369 1651 499 1695 carmen
522 1631 603 1694 illud
631 1631 718 1694 inter
749 1637 893 1697 extrema
922 1631 1110 1708 condiderit,
1138 1629 1333 1695 Messalinus
1360 1651 1425 1694 non
1453 1634 1528 1711 post
1557 1649 1587 1696 a.
1611 1628 1655 1692 34
1680 1633 1777 1692 natus
1812 1634 1871 1696 est.
1906 1627 2034 1694 Gentius
2066 1636 2177 1695 autem

369 1755 466 1818 quam
488 1734 541 1800 his
570 1734 676 1800 causis
706 1740 836 1817 tempus
868 1733 1078 1818 significatur,
1108 1735 1197 1817 quod
1226 1733 1422 1800 Messalinus
1455 1754 1483 1797 a.
1507 1732 1527 1796 3
1550 1752 1579 1799 a.
1604 1729 1678 1798 Chr.
1710 1731 1821 1796 consul
1849 1731 1920 1796 fuit.
1978 1735 2115 1816 „ltaque
2146 1735 2174 1799 si

366 1837 506 1922 Augusti
528 1838 617 1921 leges
641 1836 775 1902 annales
799 1841 876 1902 anni
900 1839 1019 1903 727127
1044 1837 1233 1903 observatas
1263 1859 1333 1904 esse
1362 1837 1395 1900 iu
1418 1835 1480 1902 hoc
1503 1841 1664 1920 putamus,
1689 1841 1765 1900 ante
1789 1857 1909 1901 annum
1932 1837 2052 1902 719135
2075 1844 2175 1921 atque

367 1943 504 2008 sirecte
527 1941 636 2019 habet,
660 1943 748 2025 quod
771 1963 872 2025 supra
893 1941 1196 2022 demonstravimus,
1219 1949 1295 2025 post
1319 1963 1439 2006 annum
1463 1941 1584 2008 715139
1606 1944 1721 2004 natum
1743 1939 1829 2004 hunc
1858 1959 1928 2004 esse
1962 1943 2175 2006 statuendum

367 2047 527 2111 videtur.“
573 2045 730 2110 Grasberi
754 2053 830 2110 sunt
851 2046 961 2114 verba.
1007 2045 1071 2110 Sed
1093 2045 1234 2112 fortasse
1257 2047 1385 2130 longius
1407 2045 1560 2130 progredi
1582 2043 1667 2108 licet.
1712 2041 1978 2125 Mommssnus²⁸)
2002 2045 2087 2109 enim
2108 2045 2173 2110 illis

366 2150 569 2233 temporibus
591 2149 739 2215 homines
761 2149 887 2214 nobiles
910 2150 972 2214 nisi
999 2149 1135 2234 triginta
1164 2155 1321 2233 quattuor
1350 2170 1453 2215 annos
1484 2154 1579 2213 natos
1610 2146 1678 2211 fere
1701 2167 1766 2211 non
1798 2147 1946 2212 consules
1974 2168 2045 2212 esse
2068 2147 2173 2213 factos

366 2253 518 2318 affirmat.
566 2251 624 2316 uui
646 2252 727 2317 mori
750 2253 777 2318 si
799 2253 995 2319 Messalinus
1018 2274 1147 2336 quoque
1179 2253 1411 2331 subiciebatur,
1442 2259 1519 2335 post
1550 2271 1670 2316 annum
1700 2251 1741 2316 37
1764 2272 1830 2315 non
1862 2257 1959 2315 natus
1991 2257 2050 2316 est.
2103 2250 2174 2315 lam

369 2379 446 2422 vcro
468 2360 521 2420 vix
545 2356 744 2421 credendum
767 2362 817 2420 est
832 2357 1018 2422 Messallam
1034 2365 1068 2421 et
1088 2379 1222 2422 uxorem
1245 2359 1378 2423 duxisse
1396 2363 1429 2421 et
1451 2355 1553 2420 fihum
1569 2355 1721 2438 genuisse
1743 2362 1856 2419 natum
1878 2355 1990 2440 viginti
2013 2375 2117 2421 annos
2140 2361 2175 2419 et

366 2460 526 2537 unum²⁹).
1184 2534 1190 2548 ⁶

510 2563 629 2640 Quid?
651 2562 805 2628 Messalla
824 2565 895 2646 ipsc
925 2565 1034 2628 consul
1064 2563 1170 2628 factus
1205 2571 1255 2630 est
1277 2585 1306 2629 a.
1331 2565 1383 2629 31.
1436 2563 1520 2642 Quid
1543 2567 1653 2627 autem
1682 2565 1768 2627 omui
1799 2560 2031 2645 probabilitate
2065 2566 2169 2647 magis

367 2673 458 2732 caret
491 2688 590 2749 quam
620 2666 811 2750 Augustum,
836 2667 892 2750 qui
925 2667 1033 2748 paullo
1065 2673 1140 2752 post
1168 2689 1363 2751 quemquam
1397 2674 1476 2734 ante
1506 2688 1627 2731 annum
1657 2667 1774 2732 aetatis
1803 2665 2003 2731 tricesimum
2030 2667 2171 2731 alterum

366 2776 517 2836 exactum
540 2770 744 2834 consulatum
767 2791 880 2853 gerere
902 2769 973 2853 lega
996 2771 1108 2848 vetuit,
1132 2771 1217 2834 hunc
1240 2770 1397 2836 honorem
1424 2774 1458 2834 in
1482 2769 1668 2835 Messallam
1691 2769 1875 2849 contulisse,
1900 2791 1972 2834 cum
1993 2770 2045 2833 vix
2066 2791 2170 2835 annos

366 2874 610 2957 duodetriginta
631 2873 840 2955 compleverit
850 2873 918 2959 ³⁰)?

522 2977 671 3059 Denique
694 2997 757 3041 non
775 2978 988 3041 omittendum
1011 2984 1072 3055 est,
1097 2978 1184 3060 quod
1201 2977 1287 3043 Suet.
1312 2977 1382 3042 Tib.
1393 2978 1441 3042 70
1455 2983 1587 3042 narrat:
1611 2977 1669 3054 „ln
1692 2977 1838 3041 oratione
1853 2977 1956 3041 latina
1972 2982 2103 3042 secutus
2119 2983 2170 3041 est

368 3084 426 3168 (sc.
444 3081 603 3163 Tiberius)
620 3080 793 3144 Corvinum
808 3079 1005 3158 Messallam,
1029 3102 1125 3163 quem
1141 3101 1250 3146 senem
1266 3081 1458 3146 adulescens
1482 3082 1739 3146 observaverat“.
1774 3079 1872 3144 Vides
1896 3079 2085 3146 Suetonium
2106 3081 2168 3145 hoc

366 3187 420 3248 vix
441 3185 548 3249 dicere
579 3184 734 3266 potuisse,
758 3186 786 3249 si
809 3183 968 3262 Tiberius,
992 3186 1047 3267 qui
1070 3205 1098 3250 a.
1122 3187 1165 3251 42
1188 3191 1367 3262 natusest,
1392 3185 1611 3267 septendecim
1641 3184 1734 3248 annis
1756 3183 1912 3248 Messalla
1934 3185 2038 3249 minor
2061 3184 2168 3249 fuerit.

523 3287 612 3364 Quae
636 3308 708 3351 cum
730 3290 779 3351 ita
801 3290 875 3366 sint,
900 3289 987 3370 quod
1009 3287 1227 3371 Nipperdeius
1249 3289 1367 3371 posuit,
1391 3288 1579 3354 Messallam
1602 3292 1679 3352 ante
1702 3307 1732 3350 a.
1753 3287 1794 3354 59
1817 3308 1847 3352 a.
1863 3287 1935 3352 Chr.
1951 3295 2065 3352 natum
2089 3307 2170 3365 esse,

368 3396 519 3455 constare
541 3390 751 3475 intellegitur.

523 3494 686 3580 Sequitur,
717 3501 755 3558 ut
778 3515 850 3557 cum
873 3501 949 3559 ante
973 3517 1002 3560 a.
1027 3497 1068 3562 13
1091 3517 1121 3578 p.
1147 3494 1221 3559 Chr.
1252 3516 1324 3560 esse
1352 3502 1514 3560 mortuum
1542 3497 1759 3561 ostendamus.
1806 3495 1856 3559 Ad
1879 3515 1976 3577 quam
2006 3493 2171 3578 discepta-

368 3599 490 3661 tionem
513 3597 701 3663 soluendam
724 3599 833 3664 omnia
863 3597 991 3663 confert
1013 3597 1145 3663 Ovidius
1169 3604 1275 3682 poeta.
1320 3598 1414 3662 Hunc
1444 3600 1631 3664 examinans
1658 3605 1742 3663 teste
1766 3598 1963 3681 Nipperdeio
1992 3599 2056 3662 iam
2086 3599 2171 3663 Bur-

368 3700 500 3784 ghesius
524 3703 692 3766 contendit
713 3700 916 3784 Messallam¹
935 3701 1133 3782 defunctum,
1164 3709 1341 3785 antequam
1373 3702 1426 3767 ille
1460 3703 1626 3767 exulatum
1656 3703 1740 3769 ierit.
1785 3702 1891 3786 Atque
1923 3723 2023 3766 unum
2052 3707 2170 3784 poetae

521 3924 553 3994 Ἄ)
573 3928 646 3996 App.
665 3926 715 3991 IV,
734 3926 782 3981 38:
804 3925 969 3994 ,Ωῖκειόιιρος
986 3926 1013 3979 δὲ
1031 3925 1064 3976 ὢν
1079 3924 1200 3996 Ἀπωνίῳ
1218 3931 1304 3994 συνῆν,
1320 3933 1400 3996 μέχρι,
1420 3927 1552 3995 κρατούσης
1575 3925 1709 3980 trinovae
1728 3926 1896 3994 Κλεοπάτρας,
1922 3925 2125 3995 ἕπψιμψάμενος
2147 3927 2171 3982 ἐς

369 4015 483 4080 Καίσαρα
498 4015 649 4079 μετῆλθεν.“

523 4097 555 4166 ²⁵)
572 4098 639 4152 Ant.
658 4097 721 4156 Jud.
740 4097 819 4164 XIV,
838 4100 877 4152 14.

520 4182 676 4254 261Τ11ι.Ῑ,
696 4186 722 4240 7.

522 4268 555 4338 ²¹)
574 4272 648 4337 Quae
667 4275 741 4342 aetus
760 4271 901 4324 iuvenibus
920 4287 1015 4326 munus
1033 4271 1100 4325 illud
1118 4273 1272 4340 petentibus
1290 4271 1349 4340 lege
1367 4273 1534 4342 praescripta
1552 4272 1638 4336 luerit,
1658 4271 1783 4326 nescitur.
1801 4271 1836 4330 el.
1856 4271 1984 4326 Graebcr.
2003 4269 2021 4324 l.
2040 4285 2065 4324 c.

522 4353 556 4424 ²⁸)
575 4357 617 4409 De
635 4358 684 4412 iur.
703 4358 754 4415 civ.
774 4357 852 4411 Rom.
871 4357 895 4410 1¹
912 4374 938 4427 p.
958 4358 1016 4412 553.

520 4439 555 4512 ”1
573 4440 615 4495 Ne
641 4443 705 4497 mihi
724 4444 857 4498 obieceris
880 4444 951 4513 apud
972 4445 1107 4499 Romanos
1129 4460 1258 4513 persaepe
1281 4444 1497 4498 adulescentulos
1521 4445 1575 4498 iam
1600 4445 1771 4500 matrimonio
1795 4460 1903 4514 operam
1928 4443 2044 4498 dedisse.
2080 4441 2171 4497 Probe

371 4530 441 4581 enim
459 4529 488 4582 id
507 4529 564 4581 acio
583 4544 616 4580 ex
630 4528 680 4583 Or.
698 4529 782 4583 Trist.
800 4529 848 4597 IV,
870 4530 910 4586 10.
946 4528 999 4583 Sed
1018 4531 1052 4587 cl.
1070 4529 1247 4594 Friedlaend.,
1266 4531 1358 4598 quiin
1376 4529 1446 4584 libro
1465 4531 1498 4583 de
1516 4531 1580 4588 hist.
1601 4547 1666 4590 mor.
1687 4531 1766 4586 Rom.
1784 4532 1805 4595 1,
1824 4529 1875 4583 448
1892 4530 2000 4583 scribit:
2020 4529 2076 4594 „lm
2089 4527 2171 4582 Sena·

368 4616 543 4669 torenstande
562 4631 623 4684 mag
641 4614 699 4668 iuer
716 4616 759 4668 die
774 4616 875 4684 jungen
894 4615 1021 4670 Msenncr
1039 4616 1082 4670 die
1100 4616 1269 4685 Belleidung
1292 4616 1339 4670 des
1357 4621 1446 4671 ersten
1465 4617 1571 4679 Amtes,
1591 4617 1638 4671 der
1657 4615 1790 4683 Quaestus
1811 4615 1865 4683 (die
1887 4631 1948 4670 man
1970 4617 1999 4670 in
2022 4615 2069 4668 der
2086 4612 2170 4683 Regcl

369 4700 406 4754 im
425 4701 735 4771 fueuiundawanaigsten
753 4702 822 4754 Jahr
840 4700 954 4771 erhielt),
974 4703 1014 4756 oft
1031 4703 1090 4756 eine
1110 4701 1325 4772 Verbedingung
1343 4702 1390 4756 der
1407 4703 1634 4773 llheschliessung
1652 4719 1772 4772 genesen
1790 4703 1872 4760 aein.“

523 4785 557 4854 ³⁰)
575 4788 638 4842 Nisi
657 4787 725 4842 forte
743 4788 889 4857 putandum
907 4795 950 4843 est
968 4787 1108 4842 Caesarem
1126 4789 1247 4844 amicitia
1265 4787 1409 4858 impulsum
1428 4805 1496 4856 esse,
1514 4793 1547 4842 ut
1564 4791 1590 4844 si
1607 4790 1764 4844 beneficium
1782 4787 1850 4843 illud
1863 4788 2018 4862 nominatim
2032 4789 2170 4842 tribueret

370 4873 405 4926 ol.
424 4871 496 4926 Vell.
515 4871 533 4930 l.
554 4890 576 4928 c.
595 4889 663 4943 „nec
680 4877 728 4928 aut
745 4873 854 4928 Caesari
872 4875 1015 4945 quicquam
1033 4890 1068 4928 ex
1087 4875 1210 4928 victurus
1228 4875 1284 4929 suia
1303 4875 1354 4928 fuit
1379 4875 1478 4929 laetius
1500 4892 1579 4946 quam
1598 4891 1704 4930 servare
1727 4875 1880 4940 Corvinum,
1903 4879 1950 4930 aut
1973 4875 2057 4929 maius
2083 4891 2170 4930 exem-

370 4957 444 5029 plum
465 4959 581 5013 hominis
599 4961 670 5030 grati
688 4977 720 5014 ac
736 4960 776 5030 pii
794 4977 873 5028 quam
892 4961 1023 5016 Corvinus
1042 4962 1070 5016 in
1089 4959 1228 5014 Gaesarem
1247 4959 1324 5016 fuit‘t
