<?xml version="1.0" encoding="UTF-8"?>
<!DOCTYPE html PUBLIC "-//W3C//DTD XHTML 1.0 Transitional//EN"
    "http://www.w3.org/TR/xhtml1/DTD/xhtml1-transitional.dtd">
<html xmlns="http://www.w3.org/1999/xhtml" xml:lang="en" lang="en">
 <head>
  <title>
</title>
<meta http-equiv="Content-Type" content="text/html;charset=utf-8" />
  <meta name='ocr-system' content='tesseract 3.04.00' />
  <meta name='ocr-capabilities' content='ocr_page ocr_carea ocr_par ocr_line ocrx_word'/>
</head>
<body>
  <div class='ocr_page' id='page_1' title='image "./demvaleriimessa00schugoog_0010.png"; bbox 0 0 4704 5988; ppageno 0'>
   <div class='ocr_carea' id='block_1_1' title="bbox 1094 381 1114 446">
    <p class='ocr_par' dir='ltr' id='par_1_1' title="bbox 1094 381 1114 446">
     <span class='ocr_line' id='line_1_1' title="bbox 1094 381 1114 446; baseline 0 0"><span class='ocrx_word' id='word_1_1' title='bbox 1094 381 1114 446; x_wconf 90' lang='lat'><strong>3</strong></span> 
     </span>
    </p>
   </div>
   <div class='ocr_carea' id='block_1_2' title="bbox 1026 472 1179 480">
    <p class='ocr_par' dir='ltr' id='par_1_2' title="bbox 1026 472 1179 480">
     <span class='ocr_line' id='line_1_2' title="bbox 1026 472 1179 480; baseline 0 -1"><span class='ocrx_word' id='word_1_2' title='bbox 1026 472 1179 480; x_wconf 44' lang='lat'>*—</span> 
     </span>
    </p>
   </div>
   <div class='ocr_carea' id='block_1_3' title="bbox 198 585 2107 2122">
    <p class='ocr_par' dir='ltr' id='par_1_3' title="bbox 198 585 2107 980">
     <span class='ocr_line' id='line_1_3' title="bbox 201 585 2013 672; baseline -0.001 -20"><span class='ocrx_word' id='word_1_3' title='bbox 201 587 302 652; x_wconf 90' lang='lat' dir='ltr'>etiam</span> <span class='ocrx_word' id='word_1_4' title='bbox 325 585 491 670; x_wconf 88' lang='lat' dir='ltr'>Gruppius</span> <span class='ocrx_word' id='word_1_5' title='bbox 514 586 745 671; x_wconf 77' lang='lat' dir='ltr'>comprobavit,</span> <span class='ocrx_word' id='word_1_6' title='bbox 776 588 833 653; x_wconf 91' lang='lat' dir='ltr'>sed</span> <span class='ocrx_word' id='word_1_7' title='bbox 861 608 900 654; x_wconf 88' lang='lat' dir='ltr'>eo</span> <span class='ocrx_word' id='word_1_8' title='bbox 929 587 1084 672; x_wconf 75' lang='lat' dir='ltr'>confugit,</span> <span class='ocrx_word' id='word_1_9' title='bbox 1107 594 1146 652; x_wconf 88' lang='lat' dir='ltr'>ut</span> <span class='ocrx_word' id='word_1_10' title='bbox 1167 608 1282 653; x_wconf 84' lang='lat' dir='ltr'>versus</span> <span class='ocrx_word' id='word_1_11' title='bbox 1302 585 1377 652; x_wconf 92' lang='lat' dir='ltr'>illos</span> <span class='ocrx_word' id='word_1_12' title='bbox 1400 588 1613 651; x_wconf 78' lang='lat' dir='ltr'>contenderet</span> <span class='ocrx_word' id='word_1_13' title='bbox 1635 585 1850 668; x_wconf 88' lang='lat' dir='ltr'>interpolatos</span> <span class='ocrx_word' id='word_1_14' title='bbox 1874 607 1945 651; x_wconf 89' lang='lat' dir='ltr'>esse</span> <span class='ocrx_word' id='word_1_15' title='bbox 1969 586 2013 651; x_wconf 91' lang='lat' dir='ltr'>ab</span> 
     </span>
     <span class='ocr_line' id='line_1_4' title="bbox 199 687 2013 774; baseline -0.001 -19"><span class='ocrx_word' id='word_1_16' title='bbox 199 689 331 756; x_wconf 90' lang='lat' dir='ltr'>homine</span> <span class='ocrx_word' id='word_1_17' title='bbox 354 689 507 772; x_wconf 89' lang='lat' dir='ltr'>quodam,</span> <span class='ocrx_word' id='word_1_18' title='bbox 531 691 586 774; x_wconf 84' lang='lat' dir='ltr'>q&#39;ui</span> <span class='ocrx_word' id='word_1_19' title='bbox 610 709 739 756; x_wconf 85' lang='lat' dir='ltr'>carmen</span> <span class='ocrx_word' id='word_1_20' title='bbox 762 711 782 756; x_wconf 90' lang='lat' dir='ltr'>a</span> <span class='ocrx_word' id='word_1_21' title='bbox 804 709 839 757; x_wconf 90' lang='lat' dir='ltr'>se</span> <span class='ocrx_word' id='word_1_22' title='bbox 862 689 1074 757; x_wconf 91' lang='lat' dir='ltr'>inhonorem</span> <span class='ocrx_word' id='word_1_23' title='bbox 1096 690 1269 756; x_wconf 79' lang='lat' dir='ltr'>Messallae</span> <span class='ocrx_word' id='word_1_24' title='bbox 1299 689 1482 754; x_wconf 89' lang='lat' dir='ltr'>confectum</span> <span class='ocrx_word' id='word_1_25' title='bbox 1511 689 1572 756; x_wconf 93' lang='lat' dir='ltr'>sub</span> <span class='ocrx_word' id='word_1_26' title='bbox 1596 687 1701 753; x_wconf 87' lang='lat' dir='ltr'>Ovidii</span> <span class='ocrx_word' id='word_1_27' title='bbox 1723 689 1855 754; x_wconf 88' lang='lat' dir='ltr'>nomine</span> <span class='ocrx_word' id='word_1_28' title='bbox 1877 689 2013 754; x_wconf 87' lang='lat' dir='ltr'>circum-</span> 
     </span>
     <span class='ocr_line' id='line_1_5' title="bbox 199 792 2107 878; baseline -0.001 -18"><span class='ocrx_word' id='word_1_29' title='bbox 199 793 279 860; x_wconf 82' lang='lat' dir='ltr'>ferri</span> <span class='ocrx_word' id='word_1_30' title='bbox 301 793 463 859; x_wconf 88' lang='lat' dir='ltr'>maluerit.</span> <span class='ocrx_word' id='word_1_31' title='bbox 516 792 699 860; x_wconf 83' lang='lat' dir='ltr'>Concedam</span> <span class='ocrx_word' id='word_1_32' title='bbox 721 814 835 859; x_wconf 82' lang='lat' dir='ltr'>versus</span> <span class='ocrx_word' id='word_1_33' title='bbox 868 794 940 860; x_wconf 93' lang='lat' dir='ltr'>illos</span> <span class='ocrx_word' id='word_1_34' title='bbox 963 815 1059 878; x_wconf 89' lang='lat' dir='ltr'>posse</span> <span class='ocrx_word' id='word_1_35' title='bbox 1083 795 1142 860; x_wconf 89' lang='lat' dir='ltr'>eici</span> <span class='ocrx_word' id='word_1_36' title='bbox 1164 814 1269 877; x_wconf 90' lang='lat' dir='ltr'>neque</span> <span class='ocrx_word' id='word_1_37' title='bbox 1292 793 1527 858; x_wconf 90' lang='lat' dir='ltr'>sententiarum</span> <span class='ocrx_word' id='word_1_38' title='bbox 1552 813 1732 858; x_wconf 85' lang='lat' dir='ltr'>connexum</span> <span class='ocrx_word' id='word_1_39' title='bbox 1754 793 1879 868; x_wconf 89' lang='lat' dir='ltr'>dirimi;</span> <span class='ocrx_word' id='word_1_40' title='bbox 1901 799 2012 858; x_wconf 89' lang='lat' dir='ltr'>tamen</span> <span class='ocrx_word' id='word_1_41' title='bbox 2101 861 2107 868; x_wconf 76' lang='grc'>,</span> 
     </span>
     <span class='ocr_line' id='line_1_6' title="bbox 198 895 1475 980; baseline -0.001 -18"><span class='ocrx_word' id='word_1_42' title='bbox 198 897 235 962; x_wconf 89' lang='lat' dir='ltr'>iu</span> <span class='ocrx_word' id='word_1_43' title='bbox 258 903 370 963; x_wconf 72' lang='lat' dir='ltr'>casua</span> <span class='ocrx_word' id='word_1_44' title='bbox 391 895 531 980; x_wconf 87' lang='lat' dir='ltr'>Gruppii</span> <span class='ocrx_word' id='word_1_45' title='bbox 554 917 620 962; x_wconf 91' lang='lat' dir='ltr'>non</span> <span class='ocrx_word' id='word_1_46' title='bbox 642 896 836 962; x_wconf 78' lang='lat' dir='ltr'>transierim.</span> <span class='ocrx_word' id='word_1_47' title='bbox 1473 896 1475 906; x_wconf 61' lang='lat'><strong><em>⁴</em></strong></span> 
     </span>
    </p>

    <p class='ocr_par' dir='ltr' id='par_1_4' title="bbox 198 997 2015 2122">
     <span class='ocr_line' id='line_1_7' title="bbox 356 997 2015 1083; baseline -0.001 -17"><span class='ocrx_word' id='word_1_48' title='bbox 356 1000 391 1066; x_wconf 89' lang='lat' dir='ltr'>Si</span> <span class='ocrx_word' id='word_1_49' title='bbox 413 1003 499 1065; x_wconf 86' lang='lat' dir='ltr'>enim</span> <span class='ocrx_word' id='word_1_50' title='bbox 522 1020 551 1066; x_wconf 90' lang='lat' dir='ltr'>a.</span> <span class='ocrx_word' id='word_1_51' title='bbox 578 1001 618 1066; x_wconf 85' lang='lat'>13</span> <span class='ocrx_word' id='word_1_52' title='bbox 640 1022 671 1083; x_wconf 91' lang='lat' dir='ltr'>p.</span> <span class='ocrx_word' id='word_1_53' title='bbox 696 999 771 1066; x_wconf 85' lang='lat' dir='ltr'>Chr.</span> <span class='ocrx_word' id='word_1_54' title='bbox 795 999 982 1068; x_wconf 77' lang='lat' dir='ltr'>Messallam</span> <span class='ocrx_word' id='word_1_55' title='bbox 1014 1001 1133 1070; x_wconf 86' lang='lat' dir='ltr'>obiisse</span> <span class='ocrx_word' id='word_1_56' title='bbox 1161 1008 1344 1067; x_wconf 77' lang='lat' dir='ltr'>statuamus</span> <span class='ocrx_word' id='word_1_57' title='bbox 1366 1038 1409 1050; x_wconf 89' lang='lat'>—</span> <span class='ocrx_word' id='word_1_58' title='bbox 1432 1021 1508 1064; x_wconf 90' lang='lat' dir='ltr'>nam</span> <span class='ocrx_word' id='word_1_59' title='bbox 1538 1001 1628 1082; x_wconf 90' lang='lat' dir='ltr'>quod</span> <span class='ocrx_word' id='word_1_60' title='bbox 1650 997 1867 1082; x_wconf 82' lang='lat' dir='ltr'>Hieronymus</span> <span class='ocrx_word' id='word_1_61' title='bbox 1899 999 2015 1065; x_wconf 79' lang='lat' dir='ltr'>scribit</span> 
     </span>
     <span class='ocr_line' id='line_1_8' title="bbox 200 1103 2012 1189; baseline -0.001 -19"><span class='ocrx_word' id='word_1_62' title='bbox 200 1125 276 1170; x_wconf 90' lang='lat' dir='ltr'>eum</span> <span class='ocrx_word' id='word_1_63' title='bbox 298 1103 417 1168; x_wconf 83' lang='lat' dir='ltr'>LXXII</span> <span class='ocrx_word' id='word_1_64' title='bbox 439 1123 543 1168; x_wconf 90' lang='lat' dir='ltr'>annos</span> <span class='ocrx_word' id='word_1_65' title='bbox 566 1103 707 1188; x_wconf 83' lang='lat' dir='ltr'>degisse,</span> <span class='ocrx_word' id='word_1_66' title='bbox 731 1125 789 1168; x_wconf 92' lang='lat' dir='ltr'>cur</span> <span class='ocrx_word' id='word_1_67' title='bbox 821 1104 939 1170; x_wconf 86' lang='lat' dir='ltr'>falsum</span> <span class='ocrx_word' id='word_1_68' title='bbox 973 1105 1024 1184; x_wconf 87' lang='lat' dir='ltr'>sit,</span> <span class='ocrx_word' id='word_1_69' title='bbox 1055 1126 1121 1170; x_wconf 93' lang='lat' dir='ltr'>non</span> <span class='ocrx_word' id='word_1_70' title='bbox 1153 1105 1313 1189; x_wconf 90' lang='lat' dir='ltr'>perspicio</span> <span class='ocrx_word' id='word_1_71' title='bbox 1335 1125 1506 1170; x_wconf 82' lang='lat' dir='ltr'>-annus</span> <span class='ocrx_word' id='word_1_72' title='bbox 1540 1104 1610 1168; x_wconf 87' lang='lat' dir='ltr'>eius</span> <span class='ocrx_word' id='word_1_73' title='bbox 1643 1103 1766 1168; x_wconf 89' lang='lat' dir='ltr'>natalis</span> <span class='ocrx_word' id='word_1_74' title='bbox 1790 1110 1839 1169; x_wconf 90' lang='lat' dir='ltr'>est</span> <span class='ocrx_word' id='word_1_75' title='bbox 1862 1123 1891 1168; x_wconf 75' lang='lat' dir='ltr'>a,</span> <span class='ocrx_word' id='word_1_76' title='bbox 1915 1105 1957 1170; x_wconf 86' lang='grc'>59</span> <span class='ocrx_word' id='word_1_77' title='bbox 1981 1126 2012 1170; x_wconf 89' lang='lat' dir='ltr'>a.</span> 
     </span>
     <span class='ocr_line' id='line_1_9' title="bbox 199 1204 2013 1293; baseline -0.002 -19"><span class='ocrx_word' id='word_1_78' title='bbox 199 1207 274 1275; x_wconf 89' lang='lat' dir='ltr'>Chr.</span> <span class='ocrx_word' id='word_1_79' title='bbox 298 1231 329 1278; x_wconf 89' lang='lat' dir='ltr'>n.</span> <span class='ocrx_word' id='word_1_80' title='bbox 354 1207 405 1290; x_wconf 85' lang='lat' dir='ltr'>(cl.</span> <span class='ocrx_word' id='word_1_81' title='bbox 428 1207 544 1292; x_wconf 66' lang='lat' dir='ltr'>Hice).</span> <span class='ocrx_word' id='word_1_82' title='bbox 579 1205 702 1273; x_wconf 84' lang='lat' dir='ltr'>Contra</span> <span class='ocrx_word' id='word_1_83' title='bbox 723 1208 808 1273; x_wconf 89' lang='lat' dir='ltr'>hanc</span> <span class='ocrx_word' id='word_1_84' title='bbox 831 1212 1028 1274; x_wconf 88' lang='lat' dir='ltr'>senteutiam</span> <span class='ocrx_word' id='word_1_85' title='bbox 1050 1216 1161 1274; x_wconf 90' lang='lat' dir='ltr'>autem</span> <span class='ocrx_word' id='word_1_86' title='bbox 1176 1217 1326 1293; x_wconf 86' lang='lat' dir='ltr'>pugnant</span> <span class='ocrx_word' id='word_1_87' title='bbox 1348 1208 1460 1274; x_wconf 90' lang='lat' dir='ltr'>multa.</span> <span class='ocrx_word' id='word_1_88' title='bbox 1492 1205 1636 1272; x_wconf 92' lang='lat' dir='ltr'>Primum</span> <span class='ocrx_word' id='word_1_89' title='bbox 1657 1206 1743 1270; x_wconf 87' lang='lat' dir='ltr'>enim</span> <span class='ocrx_word' id='word_1_90' title='bbox 1760 1226 1799 1270; x_wconf 83' lang='lat' dir='ltr'>ex</span> <span class='ocrx_word' id='word_1_91' title='bbox 1815 1204 2013 1290; x_wconf 62' lang='lat' dir='ltr'>Ciceronem)</span> 
     </span>
     <span class='ocr_line' id='line_1_10' title="bbox 200 1309 2009 1396; baseline -0.001 -20"><span class='ocrx_word' id='word_1_92' title='bbox 200 1311 355 1378; x_wconf 88' lang='lat' dir='ltr'>discimus</span> <span class='ocrx_word' id='word_1_93' title='bbox 378 1309 567 1377; x_wconf 86' lang='lat' dir='ltr'>Messallam</span> <span class='ocrx_word' id='word_1_94' title='bbox 591 1331 620 1379; x_wconf 90' lang='lat' dir='ltr'>a.</span> <span class='ocrx_word' id='word_1_95' title='bbox 643 1311 686 1376; x_wconf 82' lang='lat'>45</span> <span class='ocrx_word' id='word_1_96' title='bbox 716 1332 805 1377; x_wconf 91' lang='lat' dir='ltr'>more</span> <span class='ocrx_word' id='word_1_97' title='bbox 828 1313 956 1378; x_wconf 92' lang='lat' dir='ltr'>illorum</span> <span class='ocrx_word' id='word_1_98' title='bbox 979 1320 1161 1396; x_wconf 91' lang='lat' dir='ltr'>temporum</span> <span class='ocrx_word' id='word_1_99' title='bbox 1185 1334 1218 1380; x_wconf 92' lang='lat' dir='ltr'>se</span> <span class='ocrx_word' id='word_1_100' title='bbox 1254 1313 1428 1378; x_wconf 86' lang='lat' dir='ltr'>contulisse</span> <span class='ocrx_word' id='word_1_101' title='bbox 1450 1311 1607 1390; x_wconf 86' lang='lat' dir='ltr'>Athenas,</span> <span class='ocrx_word' id='word_1_102' title='bbox 1640 1310 1696 1374; x_wconf 92' lang='lat' dir='ltr'>ubi</span> <span class='ocrx_word' id='word_1_103' title='bbox 1724 1309 1845 1375; x_wconf 91' lang='lat' dir='ltr'>litteris</span> <span class='ocrx_word' id='word_1_104' title='bbox 1875 1331 2009 1394; x_wconf 89' lang='lat' dir='ltr'>operam</span> 
     </span>
     <span class='ocr_line' id='line_1_11' title="bbox 200 1412 2013 1504; baseline -0.002 -22"><span class='ocrx_word' id='word_1_105' title='bbox 200 1417 306 1484; x_wconf 86' lang='lat' dir='ltr'>daret.</span> <span class='ocrx_word' id='word_1_106' title='bbox 352 1415 588 1480; x_wconf 89' lang='lat' dir='ltr'>Putabimusne</span> <span class='ocrx_word' id='word_1_107' title='bbox 613 1436 686 1479; x_wconf 89' lang='lat' dir='ltr'>eum</span> <span class='ocrx_word' id='word_1_108' title='bbox 708 1437 846 1498; x_wconf 90' lang='lat' dir='ltr'>puerum</span> <span class='ocrx_word' id='word_1_109' title='bbox 869 1417 1106 1499; x_wconf 89' lang='lat' dir='ltr'>quattordecim</span> <span class='ocrx_word' id='word_1_110' title='bbox 1129 1439 1288 1483; x_wconf 89' lang='lat' dir='ltr'>annorum</span> <span class='ocrx_word' id='word_1_111' title='bbox 1310 1423 1387 1504; x_wconf 88' lang='lat' dir='ltr'>tuuc</span> <span class='ocrx_word' id='word_1_112' title='bbox 1408 1415 1533 1480; x_wconf 81' lang='lat' dir='ltr'>fuisse?</span> <span class='ocrx_word' id='word_1_113' title='bbox 1578 1414 1692 1480; x_wconf 90' lang='lat' dir='ltr'>Nonne</span> <span class='ocrx_word' id='word_1_114' title='bbox 1724 1412 1927 1496; x_wconf 90' lang='lat' dir='ltr'>probabilius</span> <span class='ocrx_word' id='word_1_115' title='bbox 1962 1423 2013 1480; x_wconf 91' lang='lat' dir='ltr'>est</span> 
     </span>
     <span class='ocr_line' id='line_1_12' title="bbox 201 1517 2012 1602; baseline -0.002 -17"><span class='ocrx_word' id='word_1_116' title='bbox 201 1540 276 1585; x_wconf 89' lang='lat' dir='ltr'>enm</span> <span class='ocrx_word' id='word_1_117' title='bbox 300 1524 412 1584; x_wconf 87' lang='lat' dir='ltr'>aetate</span> <span class='ocrx_word' id='word_1_118' title='bbox 436 1519 549 1583; x_wconf 89' lang='lat' dir='ltr'>eadem</span> <span class='ocrx_word' id='word_1_119' title='bbox 573 1517 684 1598; x_wconf 87' lang='lat' dir='ltr'>fuisse,</span> <span class='ocrx_word' id='word_1_120' title='bbox 708 1540 774 1602; x_wconf 90' lang='lat' dir='ltr'>qua</span> <span class='ocrx_word' id='word_1_121' title='bbox 796 1518 951 1585; x_wconf 86' lang='lat' dir='ltr'>Horatius</span> <span class='ocrx_word' id='word_1_122' title='bbox 980 1521 1031 1586; x_wconf 82' lang='lat' dir='ltr'>vel</span> <span class='ocrx_word' id='word_1_123' title='bbox 1054 1519 1216 1586; x_wconf 83' lang='lat' dir='ltr'>Ciceronis</span> <span class='ocrx_word' id='word_1_124' title='bbox 1249 1519 1336 1586; x_wconf 89' lang='lat' dir='ltr'>filius</span> <span class='ocrx_word' id='word_1_125' title='bbox 1368 1525 1471 1599; x_wconf 90' lang='lat' dir='ltr'>erant,</span> <span class='ocrx_word' id='word_1_126' title='bbox 1503 1521 1559 1602; x_wconf 91' lang='lat' dir='ltr'>qui</span> <span class='ocrx_word' id='word_1_127' title='bbox 1589 1519 1706 1584; x_wconf 92' lang='lat' dir='ltr'>iisdem</span> <span class='ocrx_word' id='word_1_128' title='bbox 1734 1518 1937 1600; x_wconf 89' lang='lat' dir='ltr'>temporibus</span> <span class='ocrx_word' id='word_1_129' title='bbox 1966 1518 2012 1584; x_wconf 92' lang='lat' dir='ltr'>ibi</span> 
     </span>
     <span class='ocr_line' id='line_1_13' title="bbox 199 1607 2012 1705; baseline -0.001 -16"><span class='ocrx_word' id='word_1_130' title='bbox 199 1621 418 1689; x_wconf 78' lang='lat' dir='ltr'>versabantur</span> <span class='ocrx_word' id='word_1_131' title='bbox 440 1625 560 1705; x_wconf 88' lang='lat' dir='ltr'>quique</span> <span class='ocrx_word' id='word_1_132' title='bbox 584 1629 678 1687; x_wconf 89' lang='lat' dir='ltr'>erant</span> <span class='ocrx_word' id='word_1_133' title='bbox 701 1623 771 1687; x_wconf 90' lang='lat' dir='ltr'>nati</span> <span class='ocrx_word' id='word_1_134' title='bbox 793 1623 877 1688; x_wconf 89' lang='lat' dir='ltr'>alter</span> <span class='ocrx_word' id='word_1_135' title='bbox 899 1645 929 1693; x_wconf 85' lang='lat' dir='ltr'>a.</span> <span class='ocrx_word' id='word_1_136' title='bbox 952 1623 995 1689; x_wconf 78' lang='lat'>65</span> <span class='ocrx_word' id='word_1_137' title='bbox 1018 1624 1102 1689; x_wconf 87' lang='lat' dir='ltr'>alter</span> <span class='ocrx_word' id='word_1_138' title='bbox 1124 1646 1152 1690; x_wconf 90' lang='lat' dir='ltr'>a.</span> <span class='ocrx_word' id='word_1_139' title='bbox 1177 1628 1228 1691; x_wconf 82' lang='lat'>64.</span> <span class='ocrx_word' id='word_1_140' title='bbox 1274 1624 1376 1689; x_wconf 87' lang='lat' dir='ltr'>Porro</span> <span class='ocrx_word' id='word_1_141' title='bbox 1400 1622 1620 1700; x_wconf 86' lang='lat' dir='ltr'>Quintilianus</span> <span class='ocrx_word' id='word_1_142' title='bbox 1644 1643 1719 1686; x_wconf 90' lang='lat' dir='ltr'>eum</span> <span class='ocrx_word' id='word_1_143' title='bbox 1739 1625 1774 1687; x_wconf 90' lang='lat' dir='ltr'>in</span> <span class='ocrx_word' id='word_1_144' title='bbox 1797 1643 1898 1687; x_wconf 88' lang='lat' dir='ltr'>causa</span> <span class='ocrx_word' id='word_1_145' title='bbox 1924 1607 2012 1688; x_wconf 79' lang='lat' dir='ltr'>aufi&#39;-</span> 
     </span>
     <span class='ocr_line' id='line_1_14' title="bbox 201 1726 2012 1811; baseline -0.001 -18"><span class='ocrx_word' id='word_1_146' title='bbox 201 1727 302 1793; x_wconf 88' lang='lat' dir='ltr'>diana</span> <span class='ocrx_word' id='word_1_147' title='bbox 323 1732 452 1810; x_wconf 88' lang='lat' dir='ltr'>partem</span> <span class='ocrx_word' id='word_1_148' title='bbox 474 1726 618 1808; x_wconf 88' lang='lat' dir='ltr'>aliquam</span> <span class='ocrx_word' id='word_1_149' title='bbox 640 1726 794 1791; x_wconf 90' lang='lat' dir='ltr'>habuisse</span> <span class='ocrx_word' id='word_1_150' title='bbox 817 1747 876 1792; x_wconf 90' lang='lat' dir='ltr'>nos</span> <span class='ocrx_word' id='word_1_151' title='bbox 899 1728 1009 1792; x_wconf 90' lang='lat' dir='ltr'>docet:</span> <span class='ocrx_word' id='word_1_152' title='bbox 1033 1749 1117 1811; x_wconf 89' lang='lat' dir='ltr'>quae</span> <span class='ocrx_word' id='word_1_153' title='bbox 1140 1749 1249 1806; x_wconf 88' lang='lat' dir='ltr'>causa,</span> <span class='ocrx_word' id='word_1_154' title='bbox 1272 1729 1323 1792; x_wconf 90' lang='lat' dir='ltr'>cui</span> <span class='ocrx_word' id='word_1_155' title='bbox 1346 1728 1413 1794; x_wconf 86' lang='lat' dir='ltr'>Ser.</span> <span class='ocrx_word' id='word_1_156' title='bbox 1431 1726 1591 1810; x_wconf 88' lang='lat' dir='ltr'>Sulpicius</span> <span class='ocrx_word' id='word_1_157' title='bbox 1614 1726 1812 1805; x_wconf 88' lang='lat' dir='ltr'>interfuerit,</span> <span class='ocrx_word' id='word_1_158' title='bbox 1836 1728 1893 1809; x_wconf 90' lang='lat' dir='ltr'>qui</span> <span class='ocrx_word' id='word_1_159' title='bbox 1915 1726 2012 1792; x_wconf 93' lang='lat' dir='ltr'>homo</span> 
     </span>
     <span class='ocr_line' id='line_1_15' title="bbox 200 1829 2011 1914; baseline 0 -18"><span class='ocrx_word' id='word_1_160' title='bbox 200 1851 230 1896; x_wconf 86' lang='lat' dir='ltr'>a.</span> <span class='ocrx_word' id='word_1_161' title='bbox 252 1831 295 1896; x_wconf 87' lang='grc'>43</span> <span class='ocrx_word' id='word_1_162' title='bbox 317 1836 423 1895; x_wconf 90' lang='lat' dir='ltr'>morte</span> <span class='ocrx_word' id='word_1_163' title='bbox 446 1829 603 1912; x_wconf 90' lang='lat' dir='ltr'>abreptus</span> <span class='ocrx_word' id='word_1_164' title='bbox 627 1835 687 1908; x_wconf 84' lang='lat' dir='ltr'>est,</span> <span class='ocrx_word' id='word_1_165' title='bbox 712 1836 789 1895; x_wconf 90' lang='lat' dir='ltr'>aute</span> <span class='ocrx_word' id='word_1_166' title='bbox 812 1830 897 1895; x_wconf 90' lang='lat' dir='ltr'>hunc</span> <span class='ocrx_word' id='word_1_167' title='bbox 919 1851 1040 1896; x_wconf 88' lang='lat' dir='ltr'>annum</span> <span class='ocrx_word' id='word_1_168' title='bbox 1063 1837 1137 1896; x_wconf 87' lang='lat' dir='ltr'>acta</span> <span class='ocrx_word' id='word_1_169' title='bbox 1160 1836 1227 1907; x_wconf 85' lang='lat' dir='ltr'>est3</span> <span class='ocrx_word' id='word_1_170' title='bbox 1249 1830 1422 1896; x_wconf 88' lang='lat' dir='ltr'>habuisset</span> <span class='ocrx_word' id='word_1_171' title='bbox 1445 1831 1546 1914; x_wconf 85' lang='lat' dir='ltr'>igitur</span> <span class='ocrx_word' id='word_1_172' title='bbox 1562 1829 1717 1894; x_wconf 88' lang='lat' dir='ltr'>Messalla</span> <span class='ocrx_word' id='word_1_173' title='bbox 1736 1849 1840 1894; x_wconf 88' lang='lat' dir='ltr'>annos</span> <span class='ocrx_word' id='word_1_174' title='bbox 1857 1830 2011 1896; x_wconf 90' lang='lat' dir='ltr'>sedecim.</span> 
     </span>
     <span class='ocr_line' id='line_1_16' title="bbox 199 1931 2013 2018; baseline -0.001 -21"><span class='ocrx_word' id='word_1_175' title='bbox 199 1931 265 1998; x_wconf 87' lang='lat' dir='ltr'>Sed</span> <span class='ocrx_word' id='word_1_176' title='bbox 287 1933 369 1998; x_wconf 88' lang='lat' dir='ltr'>haec</span> <span class='ocrx_word' id='word_1_177' title='bbox 392 1931 533 1998; x_wconf 84' lang='lat' dir='ltr'>fortasse</span> <span class='ocrx_word' id='word_1_178' title='bbox 555 1933 638 1997; x_wconf 87' lang='lat' dir='ltr'>levia</span> <span class='ocrx_word' id='word_1_179' title='bbox 659 1934 827 2010; x_wconf 82' lang='lat' dir='ltr'>videntur3</span> <span class='ocrx_word' id='word_1_180' title='bbox 855 1936 987 2000; x_wconf 90' lang='lat' dir='ltr'>maioris</span> <span class='ocrx_word' id='word_1_181' title='bbox 1018 1940 1128 2000; x_wconf 87' lang='lat' dir='ltr'>autem</span> <span class='ocrx_word' id='word_1_182' title='bbox 1160 1936 1313 2018; x_wconf 90' lang='lat' dir='ltr'>ponderis</span> <span class='ocrx_word' id='word_1_183' title='bbox 1346 1942 1405 2014; x_wconf 91' lang='lat' dir='ltr'>est,</span> <span class='ocrx_word' id='word_1_184' title='bbox 1435 1934 1523 2017; x_wconf 91' lang='lat' dir='ltr'>quod</span> <span class='ocrx_word' id='word_1_185' title='bbox 1552 1955 1581 1999; x_wconf 89' lang='lat' dir='ltr'>a.</span> <span class='ocrx_word' id='word_1_186' title='bbox 1605 1935 1647 2000; x_wconf 88' lang='grc'>43</span> <span class='ocrx_word' id='word_1_187' title='bbox 1680 1933 1791 1998; x_wconf 89' lang='lat' dir='ltr'>Cicero</span> <span class='ocrx_word' id='word_1_188' title='bbox 1822 1932 1936 1999; x_wconf 88' lang='lat' dir='ltr'>scribit</span> <span class='ocrx_word' id='word_1_189' title='bbox 1970 1934 2013 1997; x_wconf 90' lang='lat' dir='ltr'>ad</span> 
     </span>
     <span class='ocr_line' id='line_1_17' title="bbox 198 2034 2013 2122; baseline -0.001 -21"><span class='ocrx_word' id='word_1_190' title='bbox 198 2036 464 2122; x_wconf 79' lang='lat' dir='ltr'>Brut.1,15¹⁹).</span> <span class='ocrx_word' id='word_1_191' title='bbox 511 2034 618 2101; x_wconf 90' lang='lat' dir='ltr'>Verba</span> <span class='ocrx_word' id='word_1_192' title='bbox 650 2039 723 2120; x_wconf 90' lang='lat' dir='ltr'>ipsa</span> <span class='ocrx_word' id='word_1_193' title='bbox 754 2057 932 2119; x_wconf 89' lang='lat' dir='ltr'>apponam:</span> <span class='ocrx_word' id='word_1_194' title='bbox 971 2039 1167 2119; x_wconf 89' lang='lat' dir='ltr'>„Messalam</span> <span class='ocrx_word' id='word_1_195' title='bbox 1197 2039 1349 2106; x_wconf 77' lang='lat' dir='ltr'>habes„</span> <span class='ocrx_word' id='word_1_196' title='bbox 1371 2089 1401 2108; x_wconf 90' lang='lat'>..</span> <span class='ocrx_word' id='word_1_197' title='bbox 1430 2036 1515 2102; x_wconf 84' lang='lat' dir='ltr'>Cave</span> <span class='ocrx_word' id='word_1_198' title='bbox 1553 2039 1638 2102; x_wconf 88' lang='lat' dir='ltr'>enim</span> <span class='ocrx_word' id='word_1_199' title='bbox 1680 2039 1857 2116; x_wconf 84' lang='lat' dir='ltr'>existimes,</span> <span class='ocrx_word' id='word_1_200' title='bbox 1900 2037 2013 2118; x_wconf 82' lang='lat' dir='ltr'>Brute,</span> 
     </span>
    </p>
   </div>
   <div class='ocr_carea' id='block_1_4' title="bbox 199 2140 2109 2225">
    <p class='ocr_par' dir='ltr' id='par_1_5' title="bbox 199 2140 2109 2225">
     <span class='ocr_line' id='line_1_18' title="bbox 199 2140 2109 2225; baseline -0.004 -18"><span class='ocrx_word' id='word_1_201' title='bbox 199 2140 477 2223; x_wconf 89' lang='lat' dir='ltr'>....probitato,</span> <span class='ocrx_word' id='word_1_202' title='bbox 500 2140 696 2219; x_wconf 88' lang='lat' dir='ltr'>constantia,</span> <span class='ocrx_word' id='word_1_203' title='bbox 719 2160 806 2218; x_wconf 90' lang='lat' dir='ltr'>cura,</span> <span class='ocrx_word' id='word_1_204' title='bbox 830 2141 938 2207; x_wconf 92' lang='lat' dir='ltr'>studio</span> <span class='ocrx_word' id='word_1_205' title='bbox 960 2143 1008 2205; x_wconf 91' lang='lat' dir='ltr'>rei</span> <span class='ocrx_word' id='word_1_206' title='bbox 1031 2142 1182 2225; x_wconf 89' lang='lat' dir='ltr'>publicae</span> <span class='ocrx_word' id='word_1_207' title='bbox 1205 2143 1383 2225; x_wconf 89' lang='lat' dir='ltr'>quidquam</span> <span class='ocrx_word' id='word_1_208' title='bbox 1411 2143 1457 2206; x_wconf 91' lang='lat' dir='ltr'>illi</span> <span class='ocrx_word' id='word_1_209' title='bbox 1488 2163 1561 2206; x_wconf 89' lang='lat' dir='ltr'>esse</span> <span class='ocrx_word' id='word_1_210' title='bbox 1594 2141 1713 2219; x_wconf 83' lang='lat' dir='ltr'>simile3</span> <span class='ocrx_word' id='word_1_211' title='bbox 1747 2147 1786 2206; x_wconf 90' lang='lat' dir='ltr'>ut</span> <span class='ocrx_word' id='word_1_212' title='bbox 1815 2140 2011 2224; x_wconf 87' lang='lat' dir='ltr'>eloquentia,</span> <span class='ocrx_word' id='word_1_213' title='bbox 2105 2190 2109 2200; x_wconf 94' lang='lat'>.</span> 
     </span>
    </p>
   </div>
   <div class='ocr_carea' id='block_1_5' title="bbox 199 2243 2013 3988">
    <p class='ocr_par' dir='ltr' id='par_1_6' title="bbox 199 2243 2013 3675">
     <span class='ocr_line' id='line_1_19' title="bbox 200 2243 2013 2329; baseline 0.001 -20"><span class='ocrx_word' id='word_1_214' title='bbox 200 2265 269 2328; x_wconf 89' lang='lat' dir='ltr'>qua</span> <span class='ocrx_word' id='word_1_215' title='bbox 288 2244 483 2309; x_wconf 90' lang='lat' dir='ltr'>mirabiliter</span> <span class='ocrx_word' id='word_1_216' title='bbox 506 2243 644 2322; x_wconf 84' lang='lat' dir='ltr'>excellit,</span> <span class='ocrx_word' id='word_1_217' title='bbox 666 2245 719 2308; x_wconf 79' lang='lat' dir='ltr'>vix</span> <span class='ocrx_word' id='word_1_218' title='bbox 741 2248 774 2308; x_wconf 93' lang='lat' dir='ltr'>in</span> <span class='ocrx_word' id='word_1_219' title='bbox 803 2264 840 2308; x_wconf 89' lang='lat' dir='ltr'>eo</span> <span class='ocrx_word' id='word_1_220' title='bbox 863 2244 971 2309; x_wconf 89' lang='lat' dir='ltr'>locum</span> <span class='ocrx_word' id='word_1_221' title='bbox 998 2247 1042 2311; x_wconf 90' lang='lat' dir='ltr'>ad</span> <span class='ocrx_word' id='word_1_222' title='bbox 1068 2247 1268 2311; x_wconf 89' lang='lat' dir='ltr'>laudandum</span> <span class='ocrx_word' id='word_1_223' title='bbox 1295 2245 1418 2312; x_wconf 89' lang='lat' dir='ltr'>habere</span> <span class='ocrx_word' id='word_1_224' title='bbox 1448 2246 1607 2310; x_wconf 87' lang='lat' dir='ltr'>videatur.</span> <span class='ocrx_word' id='word_1_225' title='bbox 1656 2247 1860 2329; x_wconf 86' lang='lat' dir='ltr'>Quamquam</span> <span class='ocrx_word' id='word_1_226' title='bbox 1888 2247 1921 2310; x_wconf 93' lang='lat' dir='ltr'>in</span> <span class='ocrx_word' id='word_1_227' title='bbox 1950 2245 2013 2312; x_wconf 92' lang='lat' dir='ltr'>hac</span> 
     </span>
     <span class='ocr_line' id='line_1_20' title="bbox 202 2346 2012 2434; baseline 0 -21"><span class='ocrx_word' id='word_1_228' title='bbox 202 2351 285 2430; x_wconf 89' lang='lat' dir='ltr'>ipsa,</span> <span class='ocrx_word' id='word_1_229' title='bbox 308 2348 471 2430; x_wconf 90' lang='lat' dir='ltr'>sapientia</span> <span class='ocrx_word' id='word_1_230' title='bbox 491 2346 565 2432; x_wconf 90' lang='lat' dir='ltr'>plus</span> <span class='ocrx_word' id='word_1_231' title='bbox 589 2353 743 2430; x_wconf 89' lang='lat' dir='ltr'>apparet;</span> <span class='ocrx_word' id='word_1_232' title='bbox 765 2347 813 2413; x_wconf 89' lang='lat' dir='ltr'>ita</span> <span class='ocrx_word' id='word_1_233' title='bbox 835 2352 927 2432; x_wconf 82' lang='lat' dir='ltr'>gravi</span> <span class='ocrx_word' id='word_1_234' title='bbox 949 2349 1068 2415; x_wconf 87' lang='lat' dir='ltr'>iudicio</span> <span class='ocrx_word' id='word_1_235' title='bbox 1092 2351 1259 2433; x_wconf 91' lang='lat' dir='ltr'>multaque</span> <span class='ocrx_word' id='word_1_236' title='bbox 1288 2357 1359 2414; x_wconf 90' lang='lat' dir='ltr'>arte</span> <span class='ocrx_word' id='word_1_237' title='bbox 1391 2370 1427 2414; x_wconf 91' lang='lat' dir='ltr'>se</span> <span class='ocrx_word' id='word_1_238' title='bbox 1459 2351 1604 2414; x_wconf 87' lang='lat' dir='ltr'>exercuit</span> <span class='ocrx_word' id='word_1_239' title='bbox 1633 2350 1668 2413; x_wconf 91' lang='lat' dir='ltr'>in</span> <span class='ocrx_word' id='word_1_240' title='bbox 1696 2353 1865 2415; x_wconf 82' lang='lat' dir='ltr'>verissimo</span> <span class='ocrx_word' id='word_1_241' title='bbox 1891 2370 2012 2434; x_wconf 86' lang='lat' dir='ltr'>genere</span> 
     </span>
     <span class='ocr_line' id='line_1_21' title="bbox 202 2451 2012 2538; baseline 0 -20"><span class='ocrx_word' id='word_1_242' title='bbox 202 2451 340 2518; x_wconf 85' lang='lat' dir='ltr'>dicendi.</span> <span class='ocrx_word' id='word_1_243' title='bbox 385 2451 492 2516; x_wconf 86' lang='lat' dir='ltr'>Tanta</span> <span class='ocrx_word' id='word_1_244' title='bbox 513 2456 623 2515; x_wconf 91' lang='lat' dir='ltr'>autem</span> <span class='ocrx_word' id='word_1_245' title='bbox 656 2451 817 2516; x_wconf 89' lang='lat' dir='ltr'>industria</span> <span class='ocrx_word' id='word_1_246' title='bbox 848 2460 899 2517; x_wconf 91' lang='lat' dir='ltr'>cst</span> <span class='ocrx_word' id='word_1_247' title='bbox 931 2458 1123 2536; x_wconf 86' lang='lat' dir='ltr'>tantumque</span> <span class='ocrx_word' id='word_1_248' title='bbox 1147 2454 1278 2538; x_wconf 82' lang='lat' dir='ltr'>evigilat</span> <span class='ocrx_word' id='word_1_249' title='bbox 1305 2455 1339 2518; x_wconf 90' lang='lat' dir='ltr'>in</span> <span class='ocrx_word' id='word_1_250' title='bbox 1372 2453 1491 2533; x_wconf 90' lang='lat' dir='ltr'>studi0,</span> <span class='ocrx_word' id='word_1_251' title='bbox 1526 2458 1564 2517; x_wconf 89' lang='lat' dir='ltr'>ut</span> <span class='ocrx_word' id='word_1_252' title='bbox 1596 2474 1661 2518; x_wconf 90' lang='lat' dir='ltr'>nou</span> <span class='ocrx_word' id='word_1_253' title='bbox 1697 2455 1838 2517; x_wconf 83' lang='lat' dir='ltr'>maxima</span> <span class='ocrx_word' id='word_1_254' title='bbox 1870 2453 2012 2536; x_wconf 88' lang='lat' dir='ltr'>iugenio,</span> 
     </span>
     <span class='ocr_line' id='line_1_22' title="bbox 204 2555 2010 2641; baseline 0.002 -23"><span class='ocrx_word' id='word_1_255' title='bbox 204 2556 293 2638; x_wconf 94' lang='lat' dir='ltr'>quod</span> <span class='ocrx_word' id='word_1_256' title='bbox 315 2555 349 2619; x_wconf 91' lang='lat' dir='ltr'>in</span> <span class='ocrx_word' id='word_1_257' title='bbox 373 2574 409 2620; x_wconf 94' lang='lat' dir='ltr'>eo</span> <span class='ocrx_word' id='word_1_258' title='bbox 437 2576 599 2620; x_wconf 91' lang='lat' dir='ltr'>summum</span> <span class='ocrx_word' id='word_1_259' title='bbox 628 2560 689 2633; x_wconf 88' lang='lat' dir='ltr'>est,</span> <span class='ocrx_word' id='word_1_260' title='bbox 717 2555 825 2638; x_wconf 89' lang='lat' dir='ltr'>gratia</span> <span class='ocrx_word' id='word_1_261' title='bbox 847 2555 1000 2623; x_wconf 88' lang='lat' dir='ltr'>habenda</span> <span class='ocrx_word' id='word_1_262' title='bbox 1032 2559 1485 2641; x_wconf 80' lang='lat' dir='ltr'>videatur....praesertim</span> <span class='ocrx_word' id='word_1_263' title='bbox 1515 2559 1559 2622; x_wconf 88' lang='lat' dir='ltr'>ad</span> <span class='ocrx_word' id='word_1_264' title='bbox 1582 2556 1730 2635; x_wconf 89' lang='lat' dir='ltr'>Brutum,</span> <span class='ocrx_word' id='word_1_265' title='bbox 1764 2558 1815 2622; x_wconf 93' lang='lat' dir='ltr'>cui</span> <span class='ocrx_word' id='word_1_266' title='bbox 1847 2561 1881 2621; x_wconf 90' lang='lat' dir='ltr'>et</span> <span class='ocrx_word' id='word_1_267' title='bbox 1907 2556 2010 2622; x_wconf 83' lang='lat' dir='ltr'>virtus</span> 
     </span>
     <span class='ocr_line' id='line_1_23' title="bbox 200 2658 2013 2745; baseline 0.002 -23"><span class='ocrx_word' id='word_1_268' title='bbox 200 2658 289 2724; x_wconf 89' lang='lat' dir='ltr'>illius</span> <span class='ocrx_word' id='word_1_269' title='bbox 310 2679 377 2724; x_wconf 92' lang='lat' dir='ltr'>non</span> <span class='ocrx_word' id='word_1_270' title='bbox 398 2662 503 2724; x_wconf 81' lang='lat' dir='ltr'>nunus</span> <span class='ocrx_word' id='word_1_271' title='bbox 526 2678 625 2742; x_wconf 89' lang='lat' dir='ltr'>quam</span> <span class='ocrx_word' id='word_1_272' title='bbox 646 2659 727 2724; x_wconf 92' lang='lat' dir='ltr'>mihi</span> <span class='ocrx_word' id='word_1_273' title='bbox 747 2665 827 2724; x_wconf 91' lang='lat' dir='ltr'>nota</span> <span class='ocrx_word' id='word_1_274' title='bbox 857 2665 917 2739; x_wconf 89' lang='lat' dir='ltr'>est,</span> <span class='ocrx_word' id='word_1_275' title='bbox 942 2666 974 2725; x_wconf 91' lang='lat' dir='ltr'>et</span> <span class='ocrx_word' id='word_1_276' title='bbox 996 2661 1077 2726; x_wconf 91' lang='lat' dir='ltr'>haec</span> <span class='ocrx_word' id='word_1_277' title='bbox 1099 2665 1172 2745; x_wconf 90' lang='lat' dir='ltr'>ipsa</span> <span class='ocrx_word' id='word_1_278' title='bbox 1195 2661 1313 2739; x_wconf 87' lang='lat' dir='ltr'>studia,</span> <span class='ocrx_word' id='word_1_279' title='bbox 1338 2681 1422 2742; x_wconf 89' lang='lat' dir='ltr'>quae</span> <span class='ocrx_word' id='word_1_280' title='bbox 1444 2660 1554 2739; x_wconf 90' lang='lat' dir='ltr'>laudo,</span> <span class='ocrx_word' id='word_1_281' title='bbox 1577 2660 1739 2729; x_wconf 90' lang='lat' dir='ltr'>notiora“.</span> <span class='ocrx_word' id='word_1_282' title='bbox 1774 2659 1800 2725; x_wconf 92' lang='grc' dir='ltr'><strong>Ο</strong></span> <span class='ocrx_word' id='word_1_283' title='bbox 1830 2659 1922 2725; x_wconf 92' lang='lat' dir='ltr'>illum</span> <span class='ocrx_word' id='word_1_284' title='bbox 1949 2660 2013 2725; x_wconf 94' lang='lat' dir='ltr'>ho-</span> 
     </span>
     <span class='ocr_line' id='line_1_24' title="bbox 199 2760 2009 2847; baseline 0.001 -20"><span class='ocrx_word' id='word_1_285' title='bbox 199 2765 322 2827; x_wconf 87' lang='lat' dir='ltr'>minem</span> <span class='ocrx_word' id='word_1_286' title='bbox 342 2760 523 2827; x_wconf 88' lang='lat' dir='ltr'>mirabilem</span> <span class='ocrx_word' id='word_1_287' title='bbox 546 2768 579 2826; x_wconf 90' lang='lat' dir='ltr'>et</span> <span class='ocrx_word' id='word_1_288' title='bbox 600 2761 776 2828; x_wconf 86' lang='lat' dir='ltr'>virtutibus</span> <span class='ocrx_word' id='word_1_289' title='bbox 799 2763 895 2845; x_wconf 90' lang='lat' dir='ltr'>plane</span> <span class='ocrx_word' id='word_1_290' title='bbox 919 2764 1034 2830; x_wconf 86' lang='lat' dir='ltr'>divinis</span> <span class='ocrx_word' id='word_1_291' title='bbox 1050 2765 1245 2847; x_wconf 90' lang='lat' dir='ltr'>praeditum,</span> <span class='ocrx_word' id='word_1_292' title='bbox 1269 2766 1325 2846; x_wconf 89' lang='lat' dir='ltr'>qui</span> <span class='ocrx_word' id='word_1_293' title='bbox 1346 2785 1429 2847; x_wconf 91' lang='lat' dir='ltr'>puer</span> <span class='ocrx_word' id='word_1_294' title='bbox 1447 2764 1588 2829; x_wconf 86' lang='lat' dir='ltr'>sedecim</span> <span class='ocrx_word' id='word_1_295' title='bbox 1612 2785 1772 2828; x_wconf 88' lang='lat' dir='ltr'>annorum</span> <span class='ocrx_word' id='word_1_296' title='bbox 1795 2784 1906 2828; x_wconf 90' lang='lat' dir='ltr'>omnes</span> <span class='ocrx_word' id='word_1_297' title='bbox 1922 2763 2009 2828; x_wconf 89' lang='lat' dir='ltr'>cives</span> 
     </span>
     <span class='ocr_line' id='line_1_25' title="bbox 201 2864 2009 2952; baseline 0.001 -24"><span class='ocrx_word' id='word_1_298' title='bbox 201 2885 267 2929; x_wconf 92' lang='lat' dir='ltr'>non</span> <span class='ocrx_word' id='word_1_299' title='bbox 290 2864 394 2931; x_wconf 91' lang='lat' dir='ltr'>solum</span> <span class='ocrx_word' id='word_1_300' title='bbox 425 2865 611 2948; x_wconf 89' lang='lat' dir='ltr'>eloquentia</span> <span class='ocrx_word' id='word_1_301' title='bbox 645 2866 703 2930; x_wconf 90' lang='lat' dir='ltr'>sed</span> <span class='ocrx_word' id='word_1_302' title='bbox 726 2868 824 2930; x_wconf 89' lang='lat' dir='ltr'>etiam</span> <span class='ocrx_word' id='word_1_303' title='bbox 847 2888 956 2931; x_wconf 90' lang='lat' dir='ltr'>rerum</span> <span class='ocrx_word' id='word_1_304' title='bbox 990 2868 1193 2951; x_wconf 92' lang='lat' dir='ltr'>publicarum</span> <span class='ocrx_word' id='word_1_305' title='bbox 1219 2871 1402 2952; x_wconf 90' lang='lat' dir='ltr'>cognitione</span> <span class='ocrx_word' id='word_1_306' title='bbox 1426 2867 1647 2950; x_wconf 86' lang='lat' dir='ltr'>superaveritl</span> <span class='ocrx_word' id='word_1_307' title='bbox 1683 2870 1721 2934; x_wconf 93' lang='lat' dir='ltr'>ln</span> <span class='ocrx_word' id='word_1_308' title='bbox 1753 2869 1869 2932; x_wconf 88' lang='lat' dir='ltr'>castris</span> <span class='ocrx_word' id='word_1_309' title='bbox 1899 2873 2009 2931; x_wconf 89' lang='lat' dir='ltr'>autem</span> 
     </span>
     <span class='ocr_line' id='line_1_26' title="bbox 202 2967 2009 3054; baseline 0.002 -23"><span class='ocrx_word' id='word_1_310' title='bbox 202 2967 390 3051; x_wconf 86' lang='lat' dir='ltr'>Philippicis</span> <span class='ocrx_word' id='word_1_311' title='bbox 412 2973 507 3033; x_wconf 90' lang='lat' dir='ltr'>tanta</span> <span class='ocrx_word' id='word_1_312' title='bbox 529 2969 597 3033; x_wconf 90' lang='lat' dir='ltr'>eius</span> <span class='ocrx_word' id='word_1_313' title='bbox 621 2974 693 3033; x_wconf 90' lang='lat' dir='ltr'>erat</span> <span class='ocrx_word' id='word_1_314' title='bbox 716 2971 906 3049; x_wconf 89' lang='lat' dir='ltr'>auctoritas,</span> <span class='ocrx_word' id='word_1_315' title='bbox 930 2979 966 3034; x_wconf 91' lang='lat' dir='ltr'>ut</span> <span class='ocrx_word' id='word_1_316' title='bbox 989 2971 1016 3038; x_wconf 88' lang='lat' dir='ltr'>si</span> <span class='ocrx_word' id='word_1_317' title='bbox 1039 2993 1103 3036; x_wconf 90' lang='lat' dir='ltr'>non</span> <span class='ocrx_word' id='word_1_318' title='bbox 1126 2973 1257 3054; x_wconf 87' lang='lat' dir='ltr'>primas,</span> <span class='ocrx_word' id='word_1_319' title='bbox 1281 2977 1390 3036; x_wconf 89' lang='lat' dir='ltr'>tamen</span> <span class='ocrx_word' id='word_1_320' title='bbox 1407 2972 1565 3035; x_wconf 90' lang='lat' dir='ltr'>secundas</span> <span class='ocrx_word' id='word_1_321' title='bbox 1593 2971 1762 3054; x_wconf 61' lang='lat' dir='ltr'>ageretw).</span> <span class='ocrx_word' id='word_1_322' title='bbox 1798 2969 1882 3035; x_wconf 88' lang='lat' dir='ltr'>Nam</span> <span class='ocrx_word' id='word_1_323' title='bbox 1913 2992 2009 3054; x_wconf 88' lang='lat' dir='ltr'>prae-</span> 
     </span>
     <span class='ocr_line' id='line_1_27' title="bbox 201 3071 2009 3162; baseline 0.002 -28"><span class='ocrx_word' id='word_1_324' title='bbox 201 3076 354 3153; x_wconf 88' lang='lat' dir='ltr'>terquam</span> <span class='ocrx_word' id='word_1_325' title='bbox 383 3071 472 3154; x_wconf 90' lang='lat' dir='ltr'>quod</span> <span class='ocrx_word' id='word_1_326' title='bbox 493 3075 694 3155; x_wconf 86' lang='lat' dir='ltr'>gravissimis</span> <span class='ocrx_word' id='word_1_327' title='bbox 717 3073 835 3138; x_wconf 89' lang='lat' dir='ltr'>ducum</span> <span class='ocrx_word' id='word_1_328' title='bbox 858 3075 1000 3139; x_wconf 90' lang='lat' dir='ltr'>consiliis</span> <span class='ocrx_word' id='word_1_329' title='bbox 1022 3075 1180 3140; x_wconf 89' lang='lat' dir='ltr'>intererat</span> <span class='ocrx_word' id='word_1_330' title='bbox 1202 3081 1236 3138; x_wconf 89' lang='lat' dir='ltr'>et</span> <span class='ocrx_word' id='word_1_331' title='bbox 1266 3075 1334 3157; x_wconf 89' lang='lat' dir='ltr'>ipse</span> <span class='ocrx_word' id='word_1_332' title='bbox 1369 3074 1499 3156; x_wconf 88' lang='lat' dir='ltr'>saepius</span> <span class='ocrx_word' id='word_1_333' title='bbox 1534 3074 1659 3139; x_wconf 89' lang='lat' dir='ltr'>consilii</span> <span class='ocrx_word' id='word_1_334' title='bbox 1693 3082 1807 3139; x_wconf 89' lang='lat' dir='ltr'>auctor</span> <span class='ocrx_word' id='word_1_335' title='bbox 1830 3075 2009 3162; x_wconf 64' lang='lat' dir='ltr'>exstitit21),</span> 
     </span>
     <span class='ocr_line' id='line_1_28' title="bbox 201 3171 2009 3261; baseline 0.003 -24"><span class='ocrx_word' id='word_1_336' title='bbox 201 3171 344 3255; x_wconf 87' lang='lat' dir='ltr'>Cassius,</span> <span class='ocrx_word' id='word_1_337' title='bbox 368 3175 434 3239; x_wconf 84' lang='lat' dir='ltr'>dux</span> <span class='ocrx_word' id='word_1_338' title='bbox 457 3180 595 3256; x_wconf 89' lang='lat' dir='ltr'>spectati</span> <span class='ocrx_word' id='word_1_339' title='bbox 618 3180 749 3261; x_wconf 89' lang='lat' dir='ltr'>ingenii,</span> <span class='ocrx_word' id='word_1_340' title='bbox 779 3178 814 3241; x_wconf 92' lang='lat' dir='ltr'>in</span> <span class='ocrx_word' id='word_1_341' title='bbox 837 3199 876 3242; x_wconf 91' lang='lat' dir='ltr'>eo</span> <span class='ocrx_word' id='word_1_342' title='bbox 908 3199 1066 3243; x_wconf 88' lang='lat' dir='ltr'>summam</span> <span class='ocrx_word' id='word_1_343' title='bbox 1089 3179 1240 3243; x_wconf 88' lang='lat' dir='ltr'>fiduciam</span> <span class='ocrx_word' id='word_1_344' title='bbox 1262 3178 1387 3261; x_wconf 84' lang='lat' dir='ltr'>posui13</span> <span class='ocrx_word' id='word_1_345' title='bbox 1410 3199 1486 3242; x_wconf 88' lang='lat' dir='ltr'>nam</span> <span class='ocrx_word' id='word_1_346' title='bbox 1508 3198 1581 3241; x_wconf 91' lang='lat' dir='ltr'>cum</span> <span class='ocrx_word' id='word_1_347' title='bbox 1602 3179 1636 3241; x_wconf 90' lang='lat' dir='ltr'>in</span> <span class='ocrx_word' id='word_1_348' title='bbox 1660 3198 1698 3242; x_wconf 91' lang='lat' dir='ltr'>eo</span> <span class='ocrx_word' id='word_1_349' title='bbox 1722 3184 1817 3256; x_wconf 88' lang='lat' dir='ltr'>esset,</span> <span class='ocrx_word' id='word_1_350' title='bbox 1849 3185 1887 3242; x_wconf 92' lang='lat' dir='ltr'>nt</span> <span class='ocrx_word' id='word_1_351' title='bbox 1909 3179 2009 3242; x_wconf 90' lang='lat' dir='ltr'>armis</span> 
     </span>
     <span class='ocr_line' id='line_1_29' title="bbox 201 3272 2010 3368; baseline 0.007 -29"><span class='ocrx_word' id='word_1_352' title='bbox 201 3276 435 3356; x_wconf 83' lang='lat' dir='ltr'>decertaretur,</span> <span class='ocrx_word' id='word_1_353' title='bbox 460 3284 543 3361; x_wconf 75' lang='grc' dir='ltr'><em>,μῶν</em></span> <span class='ocrx_word' id='word_1_354' title='bbox 564 3279 736 3366; x_wconf 73' lang='grc' dir='ltr'>ταγμάτων</span> <span class='ocrx_word' id='word_1_355' title='bbox 758 3280 795 3349; x_wconf 73' lang='grc' dir='ltr'>τὸ</span> <span class='ocrx_word' id='word_1_356' title='bbox 826 3272 1057 3368; x_wconf 75' lang='grc' dir='ltr'><em>μαχιμώτατον</em></span> <span class='ocrx_word' id='word_1_357' title='bbox 1085 3284 1199 3367; x_wconf 73' lang='grc' dir='ltr'><em>ἔχοντα</em></span> <span class='ocrx_word' id='word_1_358' title='bbox 1225 3279 1405 3351; x_wconf 76' lang='grc' dir='ltr'><em>Μεσσάλαν</em></span> <span class='ocrx_word' id='word_1_359' title='bbox 1427 3283 1590 3350; x_wconf 80' lang='grc' dir='ltr'><em>ἐκέλευσεν</em></span> <span class='ocrx_word' id='word_1_360' title='bbox 1612 3284 1669 3351; x_wconf 78' lang='grc' dir='ltr'>ἐπὶ</span> <span class='ocrx_word' id='word_1_361' title='bbox 1693 3289 1753 3351; x_wconf 78' lang='grc' dir='ltr'>τοῦ</span> <span class='ocrx_word' id='word_1_362' title='bbox 1775 3286 1887 3366; x_wconf 75' lang='grc' dir='ltr'><em>δεξιοῐ</em></span> <span class='ocrx_word' id='word_1_363' title='bbox 1909 3310 2010 3352; x_wconf 86' lang='grc' dir='ltr'><em>κατα-</em></span> 
     </span>
     <span class='ocr_line' id='line_1_30' title="bbox 202 3380 2008 3470; baseline 0 -20"><span class='ocrx_word' id='word_1_364' title='bbox 202 3380 374 3470; x_wconf 54' lang='lat' dir='ltr'>aequasti).</span> <span class='ocrx_word' id='word_1_365' title='bbox 420 3381 531 3446; x_wconf 87' lang='lat' dir='ltr'>Cassio</span> <span class='ocrx_word' id='word_1_366' title='bbox 563 3390 672 3448; x_wconf 87' lang='lat' dir='ltr'>autem</span> <span class='ocrx_word' id='word_1_367' title='bbox 699 3394 732 3449; x_wconf 90' lang='lat' dir='ltr'>et</span> <span class='ocrx_word' id='word_1_368' title='bbox 753 3385 855 3450; x_wconf 91' lang='lat' dir='ltr'>Bruto</span> <span class='ocrx_word' id='word_1_369' title='bbox 878 3387 1015 3451; x_wconf 90' lang='lat' dir='ltr'>mortuis</span> <span class='ocrx_word' id='word_1_370' title='bbox 1039 3389 1199 3450; x_wconf 81' lang='lat' dir='ltr'>exercitus</span> <span class='ocrx_word' id='word_1_371' title='bbox 1222 3406 1379 3449; x_wconf 90' lang='lat' dir='ltr'>summam</span> <span class='ocrx_word' id='word_1_372' title='bbox 1402 3387 1527 3467; x_wconf 87' lang='lat' dir='ltr'>imperii</span> <span class='ocrx_word' id='word_1_373' title='bbox 1551 3388 1581 3450; x_wconf 93' lang='lat' dir='ltr'>ei</span> <span class='ocrx_word' id='word_1_374' title='bbox 1603 3384 1731 3450; x_wconf 90' lang='lat' dir='ltr'>obtulit.</span> <span class='ocrx_word' id='word_1_375' title='bbox 1779 3387 1867 3463; x_wconf 80' lang='lat' dir='ltr'>Quae</span> <span class='ocrx_word' id='word_1_376' title='bbox 1898 3388 2008 3450; x_wconf 86' lang='lat' dir='ltr'>omnia</span> 
     </span>
     <span class='ocr_line' id='line_1_31' title="bbox 203 3485 2009 3571; baseline 0.003 -23"><span class='ocrx_word' id='word_1_377' title='bbox 203 3490 407 3568; x_wconf 87' lang='lat' dir='ltr'>quantopere</span> <span class='ocrx_word' id='word_1_378' title='bbox 429 3485 471 3550; x_wconf 88' lang='lat' dir='ltr'>ab</span> <span class='ocrx_word' id='word_1_379' title='bbox 495 3489 583 3550; x_wconf 90' lang='lat' dir='ltr'>omni</span> <span class='ocrx_word' id='word_1_380' title='bbox 607 3487 851 3570; x_wconf 90' lang='lat' dir='ltr'>probabilitatis</span> <span class='ocrx_word' id='word_1_381' title='bbox 868 3491 975 3571; x_wconf 88' lang='lat' dir='ltr'>specie</span> <span class='ocrx_word' id='word_1_382' title='bbox 997 3489 1204 3568; x_wconf 87' lang='lat' dir='ltr'>abhorreant,</span> <span class='ocrx_word' id='word_1_383' title='bbox 1228 3491 1256 3554; x_wconf 93' lang='lat' dir='ltr'>si</span> <span class='ocrx_word' id='word_1_384' title='bbox 1272 3487 1425 3552; x_wconf 88' lang='lat' dir='ltr'>Messalla</span> <span class='ocrx_word' id='word_1_385' title='bbox 1446 3496 1516 3553; x_wconf 89' lang='lat' dir='ltr'>turn</span> <span class='ocrx_word' id='word_1_386' title='bbox 1539 3510 1640 3553; x_wconf 88' lang='lat' dir='ltr'>anuos</span> <span class='ocrx_word' id='word_1_387' title='bbox 1664 3489 1886 3571; x_wconf 87' lang='lat' dir='ltr'>septendecim</span> <span class='ocrx_word' id='word_1_388' title='bbox 1909 3496 2009 3554; x_wconf 88' lang='lat' dir='ltr'>uatus</span> 
     </span>
     <span class='ocr_line' id='line_1_32' title="bbox 203 3588 603 3675; baseline 0.003 -23"><span class='ocrx_word' id='word_1_389' title='bbox 203 3594 284 3675; x_wconf 86' lang='lat' dir='ltr'>erat,</span> <span class='ocrx_word' id='word_1_390' title='bbox 307 3588 468 3652; x_wconf 90' lang='lat' dir='ltr'>neminem</span> <span class='ocrx_word' id='word_1_391' title='bbox 490 3588 603 3674; x_wconf 87' lang='lat' dir='ltr'>fugiet.</span> 
     </span>
    </p>

    <p class='ocr_par' dir='ltr' id='par_1_7' title="bbox 200 3692 2008 3988">
     <span class='ocr_line' id='line_1_33' title="bbox 355 3692 2008 3778; baseline 0.003 -23"><span class='ocrx_word' id='word_1_392' title='bbox 355 3692 489 3756; x_wconf 81' lang='lat' dir='ltr'>Accedit</span> <span class='ocrx_word' id='word_1_393' title='bbox 511 3702 622 3758; x_wconf 89' lang='lat' dir='ltr'>autem</span> <span class='ocrx_word' id='word_1_394' title='bbox 645 3694 744 3762; x_wconf 91' lang='lat' dir='ltr'>aliud.</span> <span class='ocrx_word' id='word_1_395' title='bbox 776 3695 879 3761; x_wconf 88' lang='lat' dir='ltr'>Erant</span> <span class='ocrx_word' id='word_1_396' title='bbox 902 3698 987 3762; x_wconf 92' lang='lat' dir='ltr'>enim</span> <span class='ocrx_word' id='word_1_397' title='bbox 1010 3697 1182 3762; x_wconf 87' lang='lat' dir='ltr'>Messallae</span> <span class='ocrx_word' id='word_1_398' title='bbox 1198 3699 1264 3762; x_wconf 92' lang='lat' dir='ltr'>duo</span> <span class='ocrx_word' id='word_1_399' title='bbox 1278 3696 1345 3774; x_wconf 92' lang='lat' dir='ltr'>filii,</span> <span class='ocrx_word' id='word_1_400' title='bbox 1369 3695 1562 3759; x_wconf 88' lang='lat' dir='ltr'>Messalinus</span> <span class='ocrx_word' id='word_1_401' title='bbox 1579 3702 1612 3760; x_wconf 89' lang='lat' dir='ltr'>et</span> <span class='ocrx_word' id='word_1_402' title='bbox 1627 3694 1782 3778; x_wconf 62' lang='lat' dir='ltr'>Cottailj,</span> <span class='ocrx_word' id='word_1_403' title='bbox 1808 3717 1890 3778; x_wconf 89' lang='lat' dir='ltr'>quos</span> <span class='ocrx_word' id='word_1_404' title='bbox 1907 3715 2008 3778; x_wconf 88' lang='lat' dir='ltr'>supra</span> 
     </span>
     <span class='ocr_line' id='line_1_34' title="bbox 200 3795 2006 3883; baseline 0.002 -25"><span class='ocrx_word' id='word_1_405' title='bbox 200 3795 266 3859; x_wconf 89' lang='lat' dir='ltr'>iam</span> <span class='ocrx_word' id='word_1_406' title='bbox 288 3798 618 3866; x_wconf 80' lang='lat' dir='ltr'>commemoravimus.</span> <span class='ocrx_word' id='word_1_407' title='bbox 671 3800 725 3864; x_wconf 79' lang='lat' dir='ltr'>De</span> <span class='ocrx_word' id='word_1_408' title='bbox 748 3822 885 3882; x_wconf 92' lang='lat' dir='ltr'>quorum</span> <span class='ocrx_word' id='word_1_409' title='bbox 914 3802 1056 3866; x_wconf 85' lang='lat' dir='ltr'>virorum</span> <span class='ocrx_word' id='word_1_410' title='bbox 1086 3809 1195 3866; x_wconf 88' lang='lat' dir='ltr'>aetate</span> <span class='ocrx_word' id='word_1_411' title='bbox 1228 3801 1469 3883; x_wconf 87' lang='lat' dir='ltr'>elegantissime</span> <span class='ocrx_word' id='word_1_412' title='bbox 1500 3800 1681 3881; x_wconf 78' lang='lat' dir='ltr'>disputavit</span> <span class='ocrx_word' id='word_1_413' title='bbox 1710 3797 1898 3881; x_wconf 85' lang='lat' dir='ltr'>Graebcrus</span> <span class='ocrx_word' id='word_1_414' title='bbox 1928 3799 1948 3866; x_wconf 88' lang='lat' dir='ltr'>l.</span> <span class='ocrx_word' id='word_1_415' title='bbox 1979 3821 2006 3862; x_wconf 89' lang='lat' dir='ltr'>c.</span> 
     </span>
     <span class='ocr_line' id='line_1_35' title="bbox 202 3898 1529 3988; baseline 0.006 -25"><span class='ocrx_word' id='word_1_416' title='bbox 202 3898 334 3964; x_wconf 85' lang='lat' dir='ltr'>Ovidius</span> <span class='ocrx_word' id='word_1_417' title='bbox 359 3901 443 3965; x_wconf 89' lang='lat' dir='ltr'>enim</span> <span class='ocrx_word' id='word_1_418' title='bbox 467 3900 594 3966; x_wconf 86' lang='lat' dir='ltr'>Cottam</span> <span class='ocrx_word' id='word_1_419' title='bbox 618 3903 790 3967; x_wconf 88' lang='lat' dir='ltr'>adlocutus</span> <span class='ocrx_word' id='word_1_420' title='bbox 813 3905 853 3968; x_wconf 92' lang='lat' dir='ltr'>de</span> <span class='ocrx_word' id='word_1_421' title='bbox 876 3911 970 3986; x_wconf 86' lang='lat' dir='ltr'>patre</span> <span class='ocrx_word' id='word_1_422' title='bbox 994 3905 1073 3970; x_wconf 87' lang='lat' dir='ltr'>dicit</span> <span class='ocrx_word' id='word_1_423' title='bbox 1095 3926 1134 3970; x_wconf 85' lang='lat' dir='ltr'>ex</span> <span class='ocrx_word' id='word_1_424' title='bbox 1156 3904 1248 3973; x_wconf 90' lang='lat' dir='ltr'>Pont.</span> <span class='ocrx_word' id='word_1_425' title='bbox 1271 3904 1312 3984; x_wconf 88' lang='grc' dir='ltr'>Η,</span> <span class='ocrx_word' id='word_1_426' title='bbox 1335 3906 1365 3988; x_wconf 84' lang='lat'>3,</span> <span class='ocrx_word' id='word_1_427' title='bbox 1390 3905 1529 3971; x_wconf 74' lang='lat'>79-80:</span> 
     </span>
    </p>
   </div>
   <div class='ocr_carea' id='block_1_6' title="bbox 666 4040 1513 4229">
    <p class='ocr_par' dir='ltr' id='par_1_8' title="bbox 666 4040 1513 4229">
     <span class='ocr_line' id='line_1_36' title="bbox 666 4040 1513 4125; baseline -0.001 -20"><span class='ocrx_word' id='word_1_428' title='bbox 666 4062 734 4121; x_wconf 88' lang='lat' dir='ltr'>nec,</span> <span class='ocrx_word' id='word_1_429' title='bbox 759 4063 824 4123; x_wconf 92' lang='lat' dir='ltr'>quo</span> <span class='ocrx_word' id='word_1_430' title='bbox 848 4045 891 4107; x_wconf 90' lang='lat' dir='ltr'>sit</span> <span class='ocrx_word' id='word_1_431' title='bbox 913 4043 1054 4125; x_wconf 91' lang='lat' dir='ltr'>primum</span> <span class='ocrx_word' id='word_1_432' title='bbox 1077 4043 1171 4108; x_wconf 90' lang='lat' dir='ltr'>nobis</span> <span class='ocrx_word' id='word_1_433' title='bbox 1195 4063 1215 4107; x_wconf 92' lang='lat' dir='ltr'>a</span> <span class='ocrx_word' id='word_1_434' title='bbox 1236 4048 1382 4124; x_wconf 88' lang='lat' dir='ltr'>tempore</span> <span class='ocrx_word' id='word_1_435' title='bbox 1405 4040 1513 4104; x_wconf 90' lang='lat' dir='ltr'>cultus</span> 
     </span>
     <span class='ocr_line' id='line_1_37' title="bbox 708 4146 1427 4229; baseline -0.003 -20"><span class='ocrx_word' id='word_1_436' title='bbox 708 4147 880 4223; x_wconf 84' lang='lat' dir='ltr'>contendo,</span> <span class='ocrx_word' id='word_1_437' title='bbox 903 4146 1039 4209; x_wconf 83' lang='lat' dir='ltr'>fratrem</span> <span class='ocrx_word' id='word_1_438' title='bbox 1061 4167 1157 4229; x_wconf 90' lang='lat' dir='ltr'>posse</span> <span class='ocrx_word' id='word_1_439' title='bbox 1180 4146 1303 4211; x_wconf 87' lang='lat' dir='ltr'>referre</span> <span class='ocrx_word' id='word_1_440' title='bbox 1326 4153 1427 4208; x_wconf 87' lang='lat' dir='ltr'>tuum.</span> 
     </span>
    </p>
   </div>
   <div class='ocr_carea' id='block_1_7' title="bbox 357 4345 682 4418">
    <p class='ocr_par' dir='ltr' id='par_1_9' title="bbox 357 4345 682 4418">
     <span class='ocr_line' id='line_1_38' title="bbox 357 4345 682 4418; baseline 0.015 -16"><span class='ocrx_word' id='word_1_441' title='bbox 357 4345 682 4418; x_wconf 62' lang='lat' dir='ltr'>mmmmm</span> 
     </span>
    </p>
   </div>
   <div class='ocr_carea' id='block_1_8' title="bbox 200 4432 2005 4664">
    <p class='ocr_par' dir='ltr' id='par_1_10' title="bbox 200 4432 2005 4664">
     <span class='ocr_line' id='line_1_39' title="bbox 357 4432 2005 4508; baseline 0.001 -21"><span class='ocrx_word' id='word_1_442' title='bbox 357 4432 388 4501; x_wconf 80' lang='lat'>¹⁹)</span> <span class='ocrx_word' id='word_1_443' title='bbox 407 4434 470 4488; x_wconf 91' lang='lat' dir='ltr'>Non</span> <span class='ocrx_word' id='word_1_444' title='bbox 489 4437 584 4504; x_wconf 87' lang='lat' dir='ltr'>ignoro</span> <span class='ocrx_word' id='word_1_445' title='bbox 602 4453 694 4491; x_wconf 89' lang='lat' dir='ltr'>omnes</span> <span class='ocrx_word' id='word_1_446' title='bbox 713 4438 777 4491; x_wconf 87' lang='lat' dir='ltr'>illas</span> <span class='ocrx_word' id='word_1_447' title='bbox 795 4437 927 4508; x_wconf 86' lang='lat' dir='ltr'>epistulas</span> <span class='ocrx_word' id='word_1_448' title='bbox 946 4441 980 4494; x_wconf 89' lang='lat' dir='ltr'>ab</span> <span class='ocrx_word' id='word_1_449' title='bbox 998 4440 1152 4493; x_wconf 87' lang='lat' dir='ltr'>hominibus</span> <span class='ocrx_word' id='word_1_450' title='bbox 1172 4455 1314 4507; x_wconf 87' lang='lat' dir='ltr'>sanequam</span> <span class='ocrx_word' id='word_1_451' title='bbox 1334 4439 1431 4504; x_wconf 90' lang='lat' dir='ltr'>doctis,</span> <span class='ocrx_word' id='word_1_452' title='bbox 1451 4439 1587 4506; x_wconf 86' lang='lat' dir='ltr'>Zumptio,</span> <span class='ocrx_word' id='word_1_453' title='bbox 1615 4435 1726 4505; x_wconf 90' lang='lat' dir='ltr'>Orellio,</span> <span class='ocrx_word' id='word_1_454' title='bbox 1745 4435 1896 4490; x_wconf 85' lang='lat' dir='ltr'>Niebuhrio</span> <span class='ocrx_word' id='word_1_455' title='bbox 1915 4436 2005 4490; x_wconf 90' lang='lat' dir='ltr'>subdi-</span> 
     </span>
     <span class='ocr_line' id='line_1_40' title="bbox 202 4520 2004 4595; baseline 0.002 -23"><span class='ocrx_word' id='word_1_456' title='bbox 202 4520 273 4573; x_wconf 81' lang='lat' dir='ltr'>tivos</span> <span class='ocrx_word' id='word_1_457' title='bbox 292 4536 353 4574; x_wconf 91' lang='lat' dir='ltr'>esse</span> <span class='ocrx_word' id='word_1_458' title='bbox 371 4522 496 4576; x_wconf 85' lang='lat' dir='ltr'>creditas.</span> <span class='ocrx_word' id='word_1_459' title='bbox 532 4522 635 4575; x_wconf 87' lang='lat' dir='ltr'>Tamen</span> <span class='ocrx_word' id='word_1_460' title='bbox 653 4540 714 4578; x_wconf 89' lang='lat' dir='ltr'>curn</span> <span class='ocrx_word' id='word_1_461' title='bbox 733 4523 915 4595; x_wconf 89' lang='lat' dir='ltr'>Nipperdeius</span> <span class='ocrx_word' id='word_1_462' title='bbox 934 4532 961 4579; x_wconf 91' lang='lat' dir='ltr'>et</span> <span class='ocrx_word' id='word_1_463' title='bbox 979 4526 1126 4580; x_wconf 81' lang='lat' dir='ltr'>Teuffolius</span> <span class='ocrx_word' id='word_1_464' title='bbox 1144 4544 1189 4582; x_wconf 90' lang='lat' dir='ltr'>eas</span> <span class='ocrx_word' id='word_1_465' title='bbox 1208 4528 1337 4595; x_wconf 86' lang='lat' dir='ltr'>genuinas</span> <span class='ocrx_word' id='word_1_466' title='bbox 1357 4542 1416 4578; x_wconf 87' lang='lat' dir='ltr'>esse</span> <span class='ocrx_word' id='word_1_467' title='bbox 1436 4526 1531 4577; x_wconf 90' lang='lat' dir='ltr'>merito</span> <span class='ocrx_word' id='word_1_468' title='bbox 1554 4523 1679 4576; x_wconf 88' lang='lat' dir='ltr'>docuisse</span> <span class='ocrx_word' id='word_1_469' title='bbox 1699 4524 1763 4576; x_wconf 88' lang='lat' dir='ltr'>mihi</span> <span class='ocrx_word' id='word_1_470' title='bbox 1783 4523 1933 4590; x_wconf 86' lang='lat' dir='ltr'>videantur,</span> <span class='ocrx_word' id='word_1_471' title='bbox 1952 4539 2004 4576; x_wconf 91' lang='lat' dir='ltr'>nou</span> 
     </span>
     <span class='ocr_line' id='line_1_41' title="bbox 200 4605 723 4664; baseline 0.011 -6"><span class='ocrx_word' id='word_1_472' title='bbox 200 4605 298 4661; x_wconf 90' lang='lat' dir='ltr'>dubito</span> <span class='ocrx_word' id='word_1_473' title='bbox 314 4605 372 4660; x_wconf 90' lang='lat' dir='ltr'>illis</span> <span class='ocrx_word' id='word_1_474' title='bbox 391 4606 554 4662; x_wconf 78' lang='lat' dir='ltr'>fundamenti</span> <span class='ocrx_word' id='word_1_475' title='bbox 572 4610 658 4662; x_wconf 85' lang='lat' dir='ltr'>instar</span> <span class='ocrx_word' id='word_1_476' title='bbox 676 4611 723 4664; x_wconf 91' lang='lat' dir='ltr'>uti.</span> 
     </span>
    </p>
   </div>
   <div class='ocr_carea' id='block_1_9' title="bbox 351 4691 2005 5030">
    <p class='ocr_par' dir='ltr' id='par_1_11' title="bbox 351 4691 2005 4854">
     <span class='ocr_line' id='line_1_42' title="bbox 352 4691 2005 4769; baseline 0.004 -24"><span class='ocrx_word' id='word_1_477' title='bbox 352 4691 591 4760; x_wconf 73' lang='lat' dir='ltr'>20)vell.11,71:</span> <span class='ocrx_word' id='word_1_478' title='bbox 618 4697 764 4762; x_wconf 87' lang='lat' dir='ltr'>„Messalla</span> <span class='ocrx_word' id='word_1_479' title='bbox 787 4695 1000 4766; x_wconf 80' lang='lat' dir='ltr'>fulgentissimus</span> <span class='ocrx_word' id='word_1_480' title='bbox 1023 4700 1127 4753; x_wconf 89' lang='lat' dir='ltr'>iuvenis</span> <span class='ocrx_word' id='word_1_481' title='bbox 1147 4700 1285 4769; x_wconf 87' lang='lat' dir='ltr'>proximus</span> <span class='ocrx_word' id='word_1_482' title='bbox 1304 4699 1331 4752; x_wconf 90' lang='lat' dir='ltr'>in</span> <span class='ocrx_word' id='word_1_483' title='bbox 1355 4697 1411 4750; x_wconf 91' lang='lat' dir='ltr'>illis</span> <span class='ocrx_word' id='word_1_484' title='bbox 1434 4698 1530 4750; x_wconf 82' lang='lat' dir='ltr'>castris</span> <span class='ocrx_word' id='word_1_485' title='bbox 1555 4697 1631 4750; x_wconf 87' lang='lat' dir='ltr'>Bruti</span> <span class='ocrx_word' id='word_1_486' title='bbox 1650 4696 1788 4765; x_wconf 74' lang='lat' dir='ltr'>‚Cassique</span> <span class='ocrx_word' id='word_1_487' title='bbox 1817 4695 2005 4752; x_wconf 82' lang='lat' dir='ltr'>auctoritatl“.</span> 
     </span>
     <span class='ocr_line' id='line_1_43' title="bbox 351 4775 1625 4854; baseline 0.001 -22"><span class='ocrx_word' id='word_1_488' title='bbox 351 4775 385 4847; x_wconf 75' lang='grc'>21)</span> <span class='ocrx_word' id='word_1_489' title='bbox 403 4778 473 4832; x_wconf 81' lang='lat' dir='ltr'>Plut.</span> <span class='ocrx_word' id='word_1_490' title='bbox 491 4781 568 4842; x_wconf 77' lang='lat' dir='ltr'>Brut.</span> <span class='ocrx_word' id='word_1_491' title='bbox 585 4778 664 4834; x_wconf 58' lang='lat' dir='ltr'>&#39;Euat</span> <span class='ocrx_word' id='word_1_492' title='bbox 682 4783 709 4835; x_wconf 74' lang='grc' dir='ltr'>δὲ</span> <span class='ocrx_word' id='word_1_493' title='bbox 728 4785 838 4850; x_wconf 79' lang='grc' dir='ltr'><em>Βροῦτος</em></span> <span class='ocrx_word' id='word_1_494' title='bbox 853 4789 900 4850; x_wconf 65' lang='grc' dir='ltr'>μὲν</span> <span class='ocrx_word' id='word_1_495' title='bbox 917 4785 983 4854; x_wconf 72' lang='grc' dir='ltr'><em>ἐσίγα</em></span> <span class='ocrx_word' id='word_1_496' title='bbox 997 4823 1002 4834; x_wconf 93' lang='grc'><em>.</em></span> <span class='ocrx_word' id='word_1_497' title='bbox 1017 4823 1023 4835; x_wconf 92' lang='grc'><strong>.</strong></span> <span class='ocrx_word' id='word_1_498' title='bbox 1038 4825 1043 4834; x_wconf 93' lang='grc'>.</span> <span class='ocrx_word' id='word_1_499' title='bbox 1059 4785 1192 4844; x_wconf 75' lang='grc' dir='ltr'>Μεσσάλας</span> <span class='ocrx_word' id='word_1_500' title='bbox 1209 4785 1236 4838; x_wconf 73' lang='grc' dir='ltr'>δὲ</span> <span class='ocrx_word' id='word_1_501' title='bbox 1253 4787 1379 4849; x_wconf 77' lang='grc' dir='ltr'>Κορβῖνος</span> <span class='ocrx_word' id='word_1_502' title='bbox 1396 4783 1504 4835; x_wconf 73' lang='grc' dir='ltr'>ἐδικαίου</span> <span class='ocrx_word' id='word_1_503' title='bbox 1524 4806 1545 4834; x_wconf 77' lang='grc' dir='ltr'>κ.</span> <span class='ocrx_word' id='word_1_504' title='bbox 1565 4803 1585 4834; x_wconf 78' lang='grc' dir='ltr'>τ.</span> <span class='ocrx_word' id='word_1_505' title='bbox 1605 4787 1625 4834; x_wconf 77' lang='grc'>1.</span> 
     </span>
    </p>

    <p class='ocr_par' dir='ltr' id='par_1_12' title="bbox 352 4862 1718 5030">
     <span class='ocr_line' id='line_1_44' title="bbox 404 4865 534 4924; baseline 0 -6"><span class='ocrx_word' id='word_1_506' title='bbox 404 4865 473 4919; x_wconf 91' lang='lat' dir='ltr'>lbid.</span> <span class='ocrx_word' id='word_1_507' title='bbox 492 4868 534 4924; x_wconf 80' lang='lat'>40.</span> 
     </span>
     <span class='ocr_line' id='line_1_45' title="bbox 352 4862 1718 5030; baseline 0.006 -26"><span class='ocrx_word' id='word_1_508' title='bbox 352 4862 459 5021; x_wconf 55' lang='grc' dir='ltr'>Ξ11111α</span> <span class='ocrx_word' id='word_1_509' title='bbox 480 4953 514 5006; x_wconf 89' lang='lat' dir='ltr'>ab</span> <span class='ocrx_word' id='word_1_510' title='bbox 533 4953 664 5010; x_wconf 86' lang='lat' dir='ltr'>avunculo</span> <span class='ocrx_word' id='word_1_511' title='bbox 684 4955 711 5009; x_wconf 91' lang='lat' dir='ltr'>in</span> <span class='ocrx_word' id='word_1_512' title='bbox 731 4955 872 5010; x_wconf 87' lang='lat' dir='ltr'>Cottarum</span> <span class='ocrx_word' id='word_1_513' title='bbox 892 4956 1021 5012; x_wconf 80' lang='lat' dir='ltr'>familiam</span> <span class='ocrx_word' id='word_1_514' title='bbox 1042 4960 1187 5030; x_wconf 86' lang='lat' dir='ltr'>adoptatus</span> <span class='ocrx_word' id='word_1_515' title='bbox 1206 4965 1255 5014; x_wconf 84' lang='lat' dir='ltr'>est.</span> <span class='ocrx_word' id='word_1_516' title='bbox 1274 4957 1323 5012; x_wconf 86' lang='lat' dir='ltr'>Ov.</span> <span class='ocrx_word' id='word_1_517' title='bbox 1343 4973 1376 5010; x_wconf 82' lang='lat' dir='ltr'>cx</span> <span class='ocrx_word' id='word_1_518' title='bbox 1396 4957 1478 5017; x_wconf 77' lang='lat' dir='ltr'>Post,</span> <span class='ocrx_word' id='word_1_519' title='bbox 1499 4956 1548 5026; x_wconf 90' lang='lat' dir='ltr'>lll,</span> <span class='ocrx_word' id='word_1_520' title='bbox 1569 4957 1593 5024; x_wconf 79' lang='lat'>2,</span> <span class='ocrx_word' id='word_1_521' title='bbox 1615 4960 1663 5014; x_wconf 78' lang='lat'>107</span> <span class='ocrx_word' id='word_1_522' title='bbox 1682 4974 1718 5012; x_wconf 89' lang='lat' dir='ltr'>ss.</span> 
     </span>
    </p>
   </div>
   <div class='ocr_carea' id='block_1_10' title="bbox 1800 5060 1831 5115">
    <p class='ocr_par' dir='ltr' id='par_1_13' title="bbox 1800 5060 1831 5115">
     <span class='ocr_line' id='line_1_46' title="bbox 1800 5060 1831 5115; baseline 0 -26"><span class='ocrx_word' id='word_1_523' title='bbox 1800 5060 1831 5115; x_wconf 60' lang='lat' dir='ltr'>l}</span> 
     </span>
    </p>
   </div>
   <div class='ocr_carea' id='block_1_11' title="bbox 0 0 2356 5988">
    <p class='ocr_par' dir='ltr' id='par_1_14' title="bbox 0 0 2356 5988">
     <span class='ocr_line' id='line_1_47' title="bbox 0 0 2356 5988; baseline 0 0"><span class='ocrx_word' id='word_1_524' title='bbox 0 0 2356 5988; x_wconf 95' lang='lat' dir='ltr'> </span> 
     </span>
    </p>
   </div>
  </div>
 </body>
</html>
