4704 5988
1249 392 1270 455 6

1181 481 1333 490 ---

357 597 543 664 Messallam
569 604 680 663 autem
710 595 884 681 abreptum
914 596 1043 664 silentio
1076 600 1280 680 praeteriret.
1338 596 1373 662 Si
1393 619 1429 662 re
1458 617 1537 664 vera
1563 597 1743 681 praeterire
1772 595 1880 676 vellet,
1913 618 2019 665 nonne
2042 600 2162 666 sentire

359 702 502 768 debebat
526 701 656 768 Cottam
678 704 817 766 amicum
840 701 940 766 verba
961 701 1018 768 illa
1040 702 1081 766 de
1105 699 1199 767 celso
1221 701 1385 786 legentem
1408 701 1529 767 offendi
1552 709 1586 766 et
1606 700 1717 766 laedi?

514 806 578 872 Sed
601 806 812 872 aduersarius
835 813 987 871 strenuus
1009 806 1094 870 hanc
1126 805 1298 888 epistulam
1321 811 1397 871 ante
1423 807 1447 885 l,
1471 805 1489 868 'l
1514 810 1548 869 31
1576 803 1618 884 ΙΙ,
1641 807 1661 872 2
1684 803 1736 869 vel
1757 808 1894 889 primam
1922 806 2065 872 omnium
2096 806 2161 870 ele-

358 911 485 994 giarum
517 909 674 976 librorum
706 909 822 979 1-111.
845 909 923 975 mihi
956 908 1105 975 obvertet
1139 917 1328 994 conceptam
1356 929 1428 976 esse
1460 915 1559 992 atque
1581 907 1731 974 Ovidium
1758 909 1848 976 illam
1881 911 2107 994 conscripsisse
2130 931 2160 976 a.

360 1015 400 1078 1‘2
423 1019 499 1078 ante
522 1019 659 1079 mortem
682 1012 853 1079 Messallae
883 1014 1038 1079 auditam.
1093 1013 1193 1080 Recte
1216 1013 1250 1080 id
1282 1013 1413 1097 quidem
1435 1019 1596 1078 monetur.
1647 1013 1712 1079 Sed
1744 1012 1827 1080 haec
1850 1035 1975 1097 quaeso
1998 1014 2161 1099 pensitesl

358 1115 490 1182 Ovidius
512 1137 561 1181 vv.
585 1118 626 1183 25
650 1138 691 1183 ss.
739 1116 867 1182 Celsum
890 1115 970 1180 tacit
992 1117 1148 1182 auxilium
1173 1116 1288 1182 Cottae
1310 1139 1370 1200 pro
1395 1138 1431 1182 se
1453 1116 1696 1199 implorantem:

812 1237 972 1304 Maximus
995 1236 1170 1317 incumbet,
1194 1258 1324 1321 quaque
1348 1243 1398 1302 ost
1420 1239 1553 1320 pietate,
1576 1237 1714 1322 rogabit,

857 1364 898 1406 ne
922 1345 965 1407 sit
988 1343 1032 1406 ad
1055 1347 1235 1407 extremum
1259 1341 1409 1407 Caesaris
1432 1343 1481 1405 ira
1503 1346 1611 1420 tenax,

813 1467 950 1529 cumque
974 1446 1040 1510 3113
1062 1445 1175 1510 fratris
1198 1445 1283 1510 vires
1307 1443 1479 1509 adhibebit
1501 1450 1535 1508 et
1556 1465 1694 1523 omnem,

857 1570 922 1633 que
945 1549 1045 1614 levius
1068 1548 1194 1638 doleas,
1218 1549 1401 1631 experietur
1423 1567 1517 1630 opem
1541 1567 1568 1613 0,
1592 1569 1623 1630 q.
1648 1567 1672 1612 s.

357 1669 428 1734 Hoc
449 1669 520 1734 loco
543 1671 569 1734 si
593 1674 721 1735 omnino
737 1671 889 1753 cuiquam
913 1692 930 1736 e
953 1691 1087 1734 numero
1110 1672 1423 1754 consanguineorum
1439 1666 1555 1732 Cottae
1579 1667 1763 1750 supplicare
1786 1668 1896 1746 voluit,
1921 1675 2048 1751 patrem
2070 1669 2161 1734 adire

358 1772 488 1850 debuit3
510 1795 585 1838 nam
608 1774 697 1838 haud
719 1778 796 1852 scic,
819 1795 861 1838 aa
884 1776 912 1838 is
935 1774 1023 1838 solus
1046 1773 1201 1838 auxilium
1223 1773 1307 1837 serre
1331 1774 1485 1856 potuerit.
1530 1769 1643 1835 Nonne
1666 1774 1784 1835 mirum
1806 1779 1954 1838 osteum
1976 1774 2080 1856 patris
2102 1793 2161 1838 no·

358 1875 452 1940 minis
475 1898 582 1959 neque
603 1878 665 1942 hoc
688 1880 722 1942 in
744 1877 885 1942 carmine
908 1898 1013 1961 nequo
1036 1878 1161 1942 111010
1185 1897 1257 1960 epp.
1281 1875 1373 1943 Pent.
1405 1874 1532 1939 ambitu
1554 1875 1749 1939 mentionem
1779 1874 1893 1940 fecisse
1916 1875 1971 1955 ita,
1994 1882 2033 1939 ut
2054 1877 2162 1960 ipsum

357 1979 578 2064 adloqnatur?

512 2085 713 2151 Accedamus
744 2085 787 2148 ad
811 2085 940 2154 Tristia.
986 2083 1124 2150 Constat
1146 2083 1295 2149 Ovidium
1317 2083 1470 2148 Tristium
1499 2081 1619 2166 elegias
1648 2103 1713 2148 non
1743 2081 1897 2166 singulas,
1920 2082 1979 2146 sed
2000 2081 2082 2147 libro
2106 2082 2162 2146 de-

359 2209 448 2252 mum
469 2188 615 2252 confecto
638 2189 773 2253 Romam
789 2189 922 2254 misisse.
946 2217 950 2223 ¹
969 2187 1032 2253 Sed
1055 2196 1092 2254 ut
1114 2189 1208 2252 amici
1230 2187 1399 2265 sentirent,
1423 2205 1596 2268 quemnam
1619 2205 1659 2249 ex
1682 2207 1817 2250 numero
1840 2206 1900 2252 suo
1917 2191 2052 2270 peteret,
2069 2185 2162 2270 signa

360 2292 522 2375 quaedam
545 2292 713 2375 1111111111,
737 2292 855 2374 quibus
878 2296 1140 2374 agnoscerentur.
1192 2290 1401 2355 Messalinum
1424 2295 1512 2353 certe
1544 2296 1577 2353 et
1599 2289 1728 2354 Cottam
1763 2291 1817 2368 IV,
1851 2291 1928 2356 4et
1949 2288 2003 2367 IV,
2026 2289 2046 2355 5
2069 2294 2163 2354 tanta

359 2396 595 2478 perspicuitate
617 2402 788 2474 monstrat,
812 2395 923 2460 utrix
945 2395 1104 2480 legentem
1127 2396 1254 2480 possint
1277 2393 1450 2479 11131336).
1504 2392 1612 2476 Atque
1635 2415 1707 2457 cum
1730 2393 1766 2457 in
1787 2395 1869 2457 votis
1893 2391 2006 2457 Cottae
2028 2393 2162 2472 habeat,

360 2499 604 2586 (11273311
642 2499 782 2565 coniunx
805 2500 835 2564 ei
869 2500 912 2565 311
934 2501 1030 2578 mitis,
1053 2499 1139 2564 filius
1163 2497 1306 2563 moribus
1334 2496 1458 2574 similia,
1480 2496 1549 2560 filia
1570 2495 1700 2575 nubilis,
1733 2496 1836 2561 frater
1864 2517 1989 2575 amans,
2017 2518 2075 2562 our
2097 2517 2162 2561 non

360 2603 505 2667 adnectit
528 2625 564 2668 se
595 2604 673 2668 deos
702 2605 838 2686 precari,
873 2609 910 2668 ut
943 2611 1037 2686 pater
1066 2602 1121 2667 diu
1154 2601 1325 2665 incolumis
1348 2601 1515 2664 serretur?
1571 2599 1655 2676 Quid
1689 2601 1777 2682 quod
1805 2599 2016 2666 Messalinum
2046 2600 2161 2665 laudat

359 2727 408 2772 W·
433 2710 464 2784 4³
487 2707 507 2772 5
552 2710 590 2773 6⁸
816 2796 909 2858 cujus
932 2793 964 2857 in
986 2793 1115 2876 ingenio
1139 2797 1188 2854 est
1211 2793 1336 2872 patriae
1360 2788 1514 2855 facundia
1536 2789 1677 2872 linguae,

861 2919 927 2981 qua
949 2898 1038 2981 prior
1060 2899 1092 2960 in
1115 2896 1210 2960 Latio
1232 2916 1297 2959 non
1321 2894 1385 2959 fuit
1405 2894 1474 2959 ulla
1494 2894 1576 2960 1010.

362 3015 477 3081 Nonne
499 3022 597 3100 poeta
619 3017 775 3102 imprimis
798 3019 896 3083 verbo
926 3017 1008 3082 ‘fuit’
1037 3016 1202 3081 nobiseum
1225 3014 1411 3079 consentit?
1460 3013 1507 3078 Ne
1538 3016 1611 3096 quis
1635 3013 1889 3078 contradixerit
1919 3013 2065 3079 versibus
2098 3014 2161 3080 illis

360 3123 452 3185 innui
468 3120 654 3187 Messallam
678 3123 787 3186 anima
810 3122 940 3205 quidem
964 3122 1037 3200 frui,
1061 3121 1120 3186 sed
1142 3127 1252 3184 aetate
1276 3119 1416 3183 fractum
1440 3117 1494 3204 (cf.
1518 3118 1620 3202 Hier.)
1636 3121 1755 3182 mentis
1771 3121 1873 3182 aciem
1895 3118 2162 3200 praestrinxisse3

360 3248 437 3290 nam
461 3247 559 3311 quam
581 3226 792 3292 inhumanum
815 3227 976 3292 hominem
999 3232 1097 3310 poeta
1118 3225 1199 3290 illud
1223 3244 1477 3290 commemorans
1501 3243 1534 3286 se
1557 3221 1727 3305 praebuit!

516 3329 587 3406 Qua
620 3351 654 3394 re
688 3331 766 3396 nihil
800 3331 889 3396 aliud
921 3332 1124 3414 relinquitur,
1154 3350 1252 3411 quam
1285 3335 1322 3391 ut
1344 3327 1538 3405 Messallam,
1573 3331 1750 3409 antequam
1780 3325 1913 3390 Ovidius
1947 3327 1980 3392 in
2015 3324 2164 3390 exsilium

362 3432 489 3512 abierit,
517 3434 618 3498 vitam
641 3435 782 3500 edidisse
806 3456 1037 3500 asseveremus.
1092 3433 1171 3498 Inde
1195 3431 1335 3495 officitur
1356 3452 1470 3497 versus
1493 3431 1565 3495 11103
1589 3452 1629 3494 ex
1651 3427 1745 3496 Pont.
1771 3429 1796 3508 1,
1820 3429 1849 3508 7,
1873 3429 2001 3495 29-30
2025 3469 2064 3482 --
2088 3449 2166 3493 nam

362 3538 459 3602 aliam
483 3559 624 3616 causam,
648 3559 715 3620 qua
737 3541 839 3621 spurii
855 3539 1020 3603 iudicandi
1045 3542 1163 3614 essent,
1185 3556 1226 3599 ne
1243 3535 1409 3617 Gruppius
1432 3534 1563 3617 quidem
1587 3534 1773 3598 invenit-
1797 3532 1837 3598 ab
1861 3532 1974 3599 Ouidio
1996 3532 2066 3616 ipso
2090 3554 2166 3598 eon-

362 3641 449 3706 ditos
473 3662 544 3707 esse
568 3663 673 3724 neque
697 3664 792 3726 egere
816 3643 1051 3709 emendatione.

517 3744 654 3822 Quando
678 3754 788 3811 autern
804 3745 937 3812 Ovidius
960 3746 1075 3812 urbem
1096 3746 1251 3830 reliquit?
1297 3747 1343 3810 De
1368 3766 1434 3829 qua
1457 3766 1556 3809 cansa
1578 3745 1725 3810 homines
1748 3741 1838 3808 docti
1860 3741 2074 3808 dissentiunt:
2099 3742 2164 3821 alii,

361 3848 450 3913 velut
472 3848 659 3926 Merkelius,
682 3850 874 3914 Leutschiua
899 3872 972 3914 eum
995 3849 1177 3932 profectum
1201 3871 1273 3916 esse
1296 3848 1410 3915 volunt
1432 3870 1461 3914 a.
1486 3850 1516 3927 8,
1533 3848 1713 3925 Massonus,
1738 3845 1956 3929 Nipperdeius
1981 3865 2011 3911 a.
2035 3847 2064 3910 9.
2101 3843 2165 3909 Pro

361 3951 427 4017 illis
461 3959 647 4035 postremus
672 3959 739 4018 stat
763 3953 960 4032 Graeberus,
984 3973 1081 4036 quem
1107 3956 1155 4017 ita
1177 3973 1246 4018 rem
1269 3953 1470 4036 expedivisse
1494 3956 1560 4017 iam
1582 3950 1750 4035 putabam,
1773 3955 1811 4015 ut
1833 3949 1981 4013 futurum
2004 3953 2099 4026 33331,
2129 3953 2166 4011 11

362 4076 475 4121 omnes
498 4058 682 4122 adnuentes
704 4056 852 4122 haberet.
897 4057 1031 4122 Exstitit
1054 4064 1165 4123 autom
1187 4079 1245 4141 pro
1269 4058 1320 4122 his
1344 4064 1441 4122 etiam
1464 4064 1538 4139 post
1561 4054 1764 4121 Graeberum
1780 4051 2058 4136 Wartenbergius.
2106 4051 2166 4130 Qui

361 4165 482 4237 tamen,
505 4161 652 4242 quamvis
675 4160 813 4243 diligens
836 4161 870 4224 in
893 4181 991 4243 opere
1015 4181 1073 4226 suo
1097 4161 1295 4226 conficiendo
1319 4161 1428 4240 fuerit,
1452 4162 1500 4225 ita
1521 4179 1591 4225 rem
1613 4159 1777 4235 tractavit,
1808 4163 1846 4222 ut
1869 4156 1965 4222 facile
1988 4154 2093 4238 possit
2116 4175 2167 4218 re-

362 4261 442 4326 felli.
488 4261 626 4328 Constat
649 4268 734 4329 enim
750 4261 898 4328 Ovidium
923 4264 982 4330 sub
1004 4266 1132 4329 initium
1154 4265 1272 4330 hiemis
1296 4286 1336 4330 ex
1358 4265 1437 4330 urbe
1461 4267 1598 4329 cessisse
1608 4263 1668 4349 81);
1691 4260 1824 4345 qnando
1848 4259 1967 4325 Tomos
1991 4257 2166 4335 advenerit,

361 4367 396 4431 in
419 4366 570 4451 ambiguo
594 4373 654 4435 est.
699 4366 769 4433 Iam
792 4365 959 4435 Wartcnb.
985 4370 1055 4450 ipse
1078 4368 1253 4451 profitetur
1274 4391 1304 4451 p.
1328 4368 1455 4434 16-47
1481 4367 1535 4444 (ef.
1557 4389 1589 4450 p.
1613 4367 1669 4452 ol)
1693 4386 1825 4429 carmen
1848 4363 1946 4427 Trist.
1970 4359 2024 4439 IV,
2052 4360 2070 4423 'l
2094 4365 2167 4443 post

361 4470 418 4550 IV,
441 4471 461 4536 6
485 4470 668 4536 confectum
691 4493 772 4538 esse.
818 4471 855 4536 ln
878 4472 940 4536 hoc
963 4479 1072 4536 autem
1094 4479 1193 4554 poeta
1215 4473 1293 4536 dicit
1314 4492 1363 4542 vv.
1388 4472 1532 4537 19-20:

362 4589 510 4596 *-
516 4587 773 4596 -—--—-—--—

516 4626 549 4698 ³⁶)
568 4625 719 4696 Epistulam
737 4627 786 4697 IV,
805 4631 821 4681 4
840 4625 1065 4693 Messalin0,1V,
1084 4628 1101 4680 5
1120 4628 1215 4681 Cottae
1233 4628 1430 4681 inscribendam
1448 4645 1508 4682 esse
1527 4625 1674 4681 'seuffeiius
1694 4625 1777 4694 (Hist,
1797 4623 1853 4677 litt.
1871 4622 1949 4676 Rom.
1968 4622 2028 4686 267,
2047 4619 2074 4686 6)
2092 4621 2164 4671 13013

366 4713 508 4768 intellexit
547 4713 707 4768 Lorentzius
727 4720 814 4766 tamen
832 4714 860 4767 in
880 4729 961 4783 opere
980 4713 1034 4768 iere
1053 4713 1154 4766 nullius
1172 4715 1252 4784 pretii
1270 4713 1322 4782 (De
1335 4716 1410 4773 amic.
1432 4715 1459 4768 in
1473 4714 1522 4772 Ov.
1537 4713 1623 4768 Trist.
1641 4729 1712 4783 11313.
1730 4712 1805 4782 Lips.
1827 4709 1903 4778 1881)
1923 4711 2061 4776 utramque
2074 4705 2169 4759 Cottae

361 4801 420 4854 dari
440 4799 542 4856 maluit.
578 4800 678 4854 Totum
700 4800 841 4854 discrimen
862 4801 1012 4854 Graeberus
1031 4799 1192 4854 Teuffelium
1209 4798 1355 4854 defendens
1374 4801 1414 4854 ita
1431 4801 1568 4870 explicuit,
1589 4805 1620 4853 nt
1636 4798 1771 4852 dubitatio
1789 4798 1926 4850 remaneat
1944 4792 2024 4847 11113

516 4883 548 4953 ³²)
568 4887 650 4940 Trist.
669 4887 692 4953 Ι,
713 4889 754 4956 11,
773 4888 789 4939 2
808 4905 845 4944 ss.
882 4887 922 4941 De
941 4904 969 4941 re
988 4887 1022 4942 et'.
1041 4888 1122 4940 etiam
1141 4887 1284 4941 Mattlriam
1306 4889 1334 4940 in
1354 4885 1445 4941 113111.
1465 4902 1525 4941 ann.
1543 4890 1563 4940 t
1590 4887 1640 4939 129
1666 4901 1693 4952 p.
1712 4884 1762 4938 acl
1782 4897 1828 4948 33,
1853 4883 1928 4936 onius
1947 4895 2049 4932 summa
2066 4882 2169 4932 etcum

361 4973 500 5028 Graebero
518 4977 545 5026 et
563 4989 665 5028 mecum
682 4973 819 5028 convenit.
