4704 5988
1070 438 1088 499 7

631 647 669 710 ut
690 641 799 724 patria
822 662 926 721 careo,
950 641 1000 707 bis
1022 641 1171 726 frugibus
1194 664 1273 709 area
1294 645 1375 708 trita
1398 649 1458 722 est,

675 746 819 812 dissiluit
841 747 929 810 nudo
953 767 1069 829 pressa
1091 746 1141 811 bis
1164 767 1228 811 uva
1249 747 1343 829 pedo.

172 899 260 977 Quid
282 898 344 964 sibi
366 900 479 966 volunt
501 901 583 965 haec
604 900 724 966 verba?
768 899 925 966 Nimirum
941 901 1074 968 Ovidius
1098 901 1232 980 fatetur,
1256 922 1362 985 neque
1385 901 1536 967 dissentit
1558 900 1838 985 Wartenbergins,
1862 920 1896 965 se
1912 901 1979 967 duo

172 1005 406 1082 autumnosi.
429 1025 456 1070 e.
481 1004 545 1069 duo
568 1024 672 1071 annos
695 1006 737 1070 ab
760 1003 841 1068 urbe
866 1004 992 1070 abesse.
1038 1006 1149 1070 Altero
1171 1005 1242 1071 loco
1266 1005 1321 1085 IV,
1345 1008 1364 1072 7
1386 1005 1446 1070 hos
1469 1004 1628 1071 habemus
1650 1024 1764 1070 versus
1788 1004 1888 1068 1-22

642 1160 699 1226 Bis
722 1179 774 1224 me
797 1160 846 1224 sol
868 1160 950 1224 adiit
972 1159 1099 1244 gelidae
1122 1167 1198 1244 post
1220 1159 1343 1244 frigora
1365 1159 1500 1224 brumae

683 1263 799 1346 bisque
823 1285 916 1330 suum
939 1270 1028 1330 tacto
1050 1264 1142 1330 Pisce
1165 1268 1291 1348 peregit
1313 1267 1385 1330 iter.

175 1416 326 1502 „Scripta
353 1419 455 1502 igitur
485 1425 536 1485 est
566 1418 717 1500 epistula,
747 1441 819 1484 cum
841 1420 907 1485 iam
937 1421 1057 1485 tertiae
1081 1420 1165 1484 exilii
1196 1421 1312 1485 hiemis
1345 1417 1551 1485 ....Idus
1574 1417 1772 1483 Februariae
1804 1418 1979 1484 adessent“

174 1522 222 1586 sic
250 1526 337 1586 recte
360 1521 638 1607 Warteubergius.
692 1521 755 1586 Sed
786 1523 865 1606 quid
894 1532 992 1606 poeta
1020 1525 1071 1589 his
1098 1523 1245 1590 versibus
1275 1527 1454 1607 exprimere
1483 1521 1606 1587 voluit?
1658 1523 1757 1586 Duos'
1774 1541 1877 1586 anuos
1910 1541 1980 1586 esse

175 1629 378 1696 transactos!
422 1625 471 1690 Ex
495 1645 559 1709 quo
582 1625 697 1690 urbem
720 1626 872 1709 reliquit?
916 1627 1061 1692 Minimel
1086 1649 1125 1692 ex
1148 1647 1213 1710 quo
1229 1626 1345 1693 Tomos
1368 1632 1483 1692 nactus
1507 1629 1565 1694 est.
1611 1623 1695 1702 Quid
1710 1623 1786 1688 inde
1809 1625 1980 1708 sequitur?

177 1727 332 1794 Concedit
355 1735 452 1812 pocta
480 1753 515 1796 se
539 1750 603 1794 non
635 1730 740 1794 hieme
764 1731 823 1796 sed
852 1751 928 1795 vere
951 1730 1067 1796 Tomos
1090 1732 1285 1796 adventasse
1307 1735 1510 1813 primamque
1533 1727 1672 1792 hiemem
1692 1727 1896 1792 Tomitanam
1918 1728 1983 1793 sibi

176 1853 242 1898 nou
264 1838 340 1898 ante
365 1833 424 1898 sed
445 1839 521 1916 post
542 1837 683 1918 primum
706 1839 898 1898 autumnum
920 1841 1094 1917 peractam.
1139 1835 1210 1914 Qua
1232 1855 1267 1898 re
1290 1835 1346 1918 qni
1369 1834 1457 1917 apud
1473 1831 1621 1897 Ovidium
1643 1838 1781 1914 quartus
1804 1837 1982 1896 autumnus

178 1941 237 2014 est,
267 1957 400 2003 necesse
430 1943 489 2017 est,
519 1943 557 2002 ut
589 1944 726 2020 quartae
755 1935 853 2002 hiemi
885 1941 1105 2003 antecesserit.
1157 1937 1274 2002 Mirum
1305 1945 1464 2020 quantum
1485 1934 1754 2018 Warteubergius
1782 1935 1843 1999 hoc
1871 1937 1980 2020 negat.

95 2125 99 2136 .
176 2039 246 2103 Iam
271 2039 442 2124 epistulam
466 2063 505 2105 ex
528 2040 622 2106 Pont.
648 2043 672 2120 1,
696 2043 716 2105 2
739 2046 874 2122 proptor
897 2061 1009 2105 versus
1032 2040 1178 2106 25-26:

636 2196 688 2260 hic
711 2216 762 2259 me
785 2200 985 2278 pugnantem
1009 2216 1081 2259 cum
1104 2193 1224 2276 frigore
1248 2215 1386 2278 cumque
1409 2195 1536 2279 sagittis

676 2321 814 2382 cumque
838 2319 908 2362 meo
932 2297 1001 2363 fato
1025 2303 1144 2381 quarta
1167 2296 1287 2381 fatigat
1308 2299 1423 2378 hiems,

179 2452 446 2538 Wartenbergius
468 2456 539 2520 iure
562 2454 659 2520 hiemi
688 2476 737 2519 aa.
764 2455 860 2520 12113
894 2454 1054 2536 adsignat.
1092 2456 1161 2533 Quo
1185 2455 1324 2518 carmine
1346 2456 1456 2539 igitur,
1480 2455 1508 2518 si
1531 2451 1670 2536 quidem,
1695 2472 1779 2534 quae
1803 2449 1899 2514 modo
1922 2469 1982 2532 po-

180 2562 314 2636 suimus,
339 2563 438 2636 stant,
463 2557 602 2642 epistula
626 2579 664 2622 ex
686 2557 779 2624 I‘ont¹
802 2557 828 2636 1,
853 2558 872 2622 8
895 2563 1030 2639 propter
1052 2578 1164 2622 versus
1188 2558 1333 2624 27-28:

636 2719 674 2777 ut
695 2733 791 2778 careo
813 2711 915 2789 vobis,
940 2711 1067 2796 Stygias
1090 2714 1243 2778 detrusus
1266 2714 1299 2777 in
1323 2733 1407 2790 oras,

680 2823 836 2899 quattuor
858 2822 1031 2881 autumnos
1055 2815 1162 2881 Pleias
1186 2822 1259 2881 orta
1281 2816 1367 2894 iacit,

178 2974 268 3057 prior
290 2979 356 3049 est3
380 2976 430 3036 est
452 2971 552 3055 igitur
574 2973 694 3056 scripta
710 2979 865 3037 autumno
889 2993 918 3037 a.
936 2974 984 3038 12.
1021 2971 1100 3036 Cum
1123 2975 1222 3056 igitur
1244 2978 1354 3054 poeta,
1377 2991 1501 3054 exque
1525 2977 1670 3051 tempore
1688 2968 1790 3032 Roma
1814 2963 1982 3050 profectus

182 3083 262 3158 erat,
286 3082 443 3144 autumno
468 3097 498 3142 a.
523 3077 563 3142 12
586 3081 743 3159 quattuor
765 3097 867 3140 annos
883 3075 1101 3158 compleverit,
1125 3097 1197 3140 eum
1219 3083 1374 3138 autumno
1398 3096 1426 3140 a.
1452 3073 1471 3138 8
1495 3096 1534 3140 ex
1556 3073 1636 3138 urbe
1660 3071 1848 3155 migravisse
1873 3069 1983 3152 explo-

180 3188 287 3248 ratum
311 3186 370 3245 est.

335 3285 406 3363 Qua
429 3284 621 3367 quaestione
645 3281 796 3347 absoluta
816 3281 991 3347 Messallae
1016 3319 1057 3330 -·
1080 3303 1154 3346 nam
1178 3283 1221 3346 ad
1243 3283 1330 3347 hunc
1352 3283 1495 3345 redimus
1518 3319 1561 3326 —
1584 3279 1668 3344 diem
1693 3277 1826 3343 fatalem
1851 3283 1884 3340 et
1906 3281 1983 3340 ante

182 3397 372 3455 autumnum
398 3409 427 3458 a.
451 3389 470 3453 8
494 3387 703 3452 statuendum
726 3394 760 3450 et
781 3394 914 3469 propter
938 3385 1083 3450 Frontini
1106 3386 1126 3450 l.
1151 3407 1177 3452 c.
1202 3407 1299 3469 quam
1323 3388 1468 3468 proxime
1491 3385 1534 3447 ad
1557 3403 1676 3447 aunum
1702 3383 1742 3446 13
1766 3404 1796 3464 p.
1814 3379 1890 3448 Chr.
1914 3399 1983 3443 rno-

181 3495 321 3559 vendum
345 3513 417 3557 esse
440 3490 634 3575 apparet⁸⁸).
670 3490 806 3572 Utrique
830 3495 939 3553 autem
955 3489 1001 3552 rei
1024 3509 1053 3552 a.
1077 3489 1097 3554 8
1120 3510 1199 3571 prae
1223 3488 1372 3554 omnibus
1388 3487 1565 3554 satisfacit:
1590 3486 1707 3550 accidit
1730 3487 1825 3561 enirn,
1848 3488 1886 3546 ut
1909 3502 1983 3548 vere

181 3598 232 3662 vel
254 3600 381 3662 aestate
405 3595 511 3660 obiret
535 3595 696 3672 Messalla,
720 3600 876 3658 autumno
899 3596 933 3656 in
956 3591 1103 3656 exsilium
1127 3599 1279 3675 ageretur
1302 3592 1443 3656 Ovidius.
1644 3664 1646 3675 Ι

336 3698 404 3765 Iam
428 3719 503 3763 vero
532 3698 746 3782 Hieronymus
769 3695 957 3762 Messallam
991 3717 1076 3760 anno
1106 3699 1225 3761 aetatis
1254 3695 1493 3779 septuagesimo
1525 3694 1628 3760 altero
1658 3691 1847 3756 defunctum
1874 3691 1984 3755 tradit.

183 3805 282 3869 Cuius
310 3803 436 3866 numeri
465 3803 591 3867 ratione
622 3801 735 3865 habita
758 3821 832 3864 eum
855 3821 884 3867 a.
909 3801 950 3866 65
980 3805 1091 3864 natum
1120 3799 1259 3864 fortasse
1286 3799 1414 3864 dixeris.
1460 3797 1596 3862 Constat
1624 3797 1733 3880 igitur,
1766 3795 1854 3879 quod
1882 3793 1985 3859 voluit

184 3906 394 3972 Sohaeferusl
441 3905 533 3970 itane
555 3907 688 3969 verum?
732 3903 874 3983 Minime,
896 3925 971 3967 nam
995 3904 1023 3968 si
1038 3903 1138 3969 verba
1159 3909 1247 3967 recte
1268 3903 1475 3985 interpretati
1499 3901 1630 3978 erimus,
1652 3899 1758 3963 facere
1780 3920 1845 3964 non
1867 3919 1985 3983 possu-

183 4032 265 4090 mus,
289 4010 365 4093 quin
390 4029 464 4073 eum
487 4007 698 4096 septuaginta
720 4028 822 4072 annos
845 4012 877 4071 et
900 4028 999 4071 unum
1015 4007 1224 4089 complevisse
1248 4006 1402 4071 dicamus.
1437 4004 1565 4082 Quare
1589 4004 1632 4068 ad
1654 4023 1774 4067 annum
1798 4003 1840 4068 64
1863 4023 1893 4066 a.
1910 3999 1986 4067 Chr.

184 4113 381 4180 devenimus.
421 4112 484 4177 Sed
505 4112 576 4194 ipse
600 4113 739 4176 concedo
757 4113 986 4193 Hieronymum
1008 4111 1043 4173 id
1065 4116 1242 4192 spectasse,
1266 4116 1304 4174 ut
1327 4109 1449 4174 diceret
1472 4129 1545 4172 eum
1561 4108 1771 4190 septuaginta
1793 4105 1858 4169 duo
1881 4125 1985 4169 annos

184 4217 370 4295 confecisse,
405 4235 603 4298 quamquam
637 4215 725 4297 apud
749 4213 938 4278 Suetonium
968 4233 1067 4276 unum
1096 4219 1129 4276 et
1152 4213 1359 4298 septuaginta
1385 4233 1488 4277 annos
1509 4211 1685 4276 invenerat.
1740 4210 1809 4288 Quo
1832 4209 1928 4274 modo
1951 4208 1986 4271 id

185 4321 308 4386 factum
331 4341 403 4386 csse
429 4317 708 4383 existimabimus?
739 4316 895 4382 Nimirum
911 4316 1126 4401 Hieronymus
1149 4337 1214 4381 non
1236 4317 1435 4399 computavit
1456 4334 1568 4393 annos,
1591 4315 1652 4380 sed
1673 4313 1829 4378 consules.
1869 4311 1985 4394 ltaque

184 4432 222 4490 ut
244 4426 454 4510 septuaginta
475 4440 578 4487 annos
601 4427 634 4486 et
656 4442 767 4500 unum,
791 4423 837 4486 sic
860 4421 1048 4505 septuagies
1077 4420 1127 4486 bis
1149 4417 1245 4486 binos
1274 4421 1421 4485 consules
1448 4417 1596 4484 confecit.
1648 4416 1771 4480 Eadem
1802 4415 1900 4499 igitur
1922 4415 1985 4493 via,

186 4529 215 4595 si
238 4529 370 4611 quidem
392 4546 471 4592 vera
492 4526 646 4607 consequi
669 4525 828 4602 volumus,
851 4523 944 4589 nobis
966 4523 1109 4588 ineunda
1139 4532 1197 4589 est.
1249 4523 1342 4601 Quod
1365 4527 1394 4590 si
1417 4523 1542 4600 feceris,
1573 4520 1614 4588 ab
1638 4541 1667 4586 a.
1692 4521 1711 4586 8
1734 4542 1765 4603 p.
1790 4519 1863 4588 Chr.
1891 4541 1986 4586 orsus

339 4749 371 4822 ³⁸)
390 4753 475 4806 Recte
493 4752 562 4804 enim
581 4753 651 4804 teste
663 4750 828 4821 Nipperdeio
847 4750 900 4803 iam
920 4749 1083 4818 Borghesius
1102 4749 1342 4803 animadvertitur
1361 4748 1455 4802 Front.
1469 4746 1633 4812 Messallam,
1652 4747 1723 4817 quod
1741 4748 1767 4801 ei
1786 4763 1809 4799 a.
1831 4745 1862 4800 13
1880 4746 1984 4800 demum

185 4854 329 4893 successor
347 4839 499 4892 destinatus
518 4837 563 4905 sit,
581 4835 616 4890 ad
635 4837 704 4890 bunc
721 4852 818 4889 annum
836 4837 954 4904 spirasse
972 4852 1024 4889 non
1043 4851 1211 4904 consequens
1230 4851 1297 4889 esse.
1333 4833 1403 4888 Nam
1422 4851 1482 4888 cum
1501 4835 1527 4888 ei
1545 4849 1640 4887 munus
1658 4831 1723 4886 illud
1743 4832 1894 4900 capessenti
1912 4833 1987 4884 adiu·

184 4930 258 4980 tores
277 4924 329 4978 duo
348 4925 405 4978 dati
423 4924 479 4978 sint
506 4922 608 4992 (Front
627 4939 650 4978 c.
674 4923 725 4990 99),
744 4922 795 4975 hos
820 4926 885 4990 post
902 4921 959 4974 eius
986 4937 1126 4975 excessum
1146 4937 1193 4991 per
1215 4920 1326 4990 aliquod
1345 4925 1452 4988 tempus
1474 4936 1559 4990 equas
1580 4934 1687 4974 curasse
1708 4933 1757 4972 nos
1775 4933 1855 4988 posse
1874 4933 1986 4973 sumere.

185 5009 378 5067 Necessarium
397 5015 484 5064 autem
503 5015 546 5062 est
563 5009 789 5079 intercapedinem
806 5006 881 5061 illum
899 5023 978 5076 qnam
997 5009 1182 5061 brevissimam
1201 5008 1293 5061 statui.
