4704 5988
507 1443 607 1572 De
654 1443 734 1570 M.
782 1441 1023 1572 Valerii
1077 1439 1432 1571 Messallae
1483 1450 1717 1570 aetate.

365 1713 499 1784 Ovidius
521 1724 620 1801 poeta
643 1719 726 1783 siout
749 1721 791 1784 ad
807 1719 991 1784 litterarum
1016 1719 1125 1783 studia
1141 1725 1287 1784 extremo
1312 1718 1449 1802 Augusti
1473 1717 1659 1800 principatu
1681 1715 1804 1781 Romae
1833 1721 2014 1782 exercitata

209 1822 257 1884 ita
279 1820 429 1885 adsitas
463 1822 607 1904 ipsorum
639 1823 804 1887 hominum
833 1823 1054 1888 litteratorum
1084 1823 1324 1905 cognoscendas
1352 1821 1528 1904 plurimum
1555 1821 1642 1886 valet
1671 1821 1820 1903 epistulis
1843 1821 1876 1884 in
1900 1821 2013 1886 exsilio

210 1923 412 2006 conscriptis.
462 1925 570 2009 Atque
592 1927 733 1990 virorum
758 1947 869 1991 eorum
891 1929 985 2006 vites,
1008 1927 1051 1992 88
1077 1947 1159 2009 8888
1182 1932 1281 2009 poeta
1304 1925 1457 2008 epistulas
1481 1926 1607 2007 aliquas
1630 1925 1728 2002 misit,
1752 1931 1916 2007 quatenus
1939 1925 2013 2007 quis

211 2027 373 2109 expiscari
401 2028 509 2094 adhuc
542 2031 695 2114 potnerit,
728 2029 940 2109 Graeberum,
971 2031 1133 2096 hominem
1161 2031 1296 2095 eximiae
1327 2029 1493 2094 doctrinae
1522 2029 1825 2111 intentissimaeque
1854 2050 1951 2094 curae
1975 2049 2012 2094 ao

212 2130 410 2214 diligentiae,
432 2133 568 2216 reliquis
589 2134 777 2200 auctoribus
801 2141 835 2199 et
857 2136 1073 2200 monumentis
1097 2135 1337 2217 circumspectis
1359 2133 1563 2216 praestitisse
1585 2138 1665 2216 puto
1679 2133 1713 2215 ¹).
1747 2133 1879 2198 lllorum
1902 2139 2013 2197 autem

212 2235 355 2299 omnium
379 2237 482 2302 Fabio
506 2237 646 2303 Maximo
671 2243 806 2321 excepto
829 2259 923 2304 nemo
947 2241 1091 2302 animum
1113 2259 1220 2302 meum
1243 2237 1347 2320 magis
1370 2236 1505 2302 tenebat
1527 2258 1626 2320 quam
1641 2237 1836 2302 Messalinus
1860 2242 1893 2301 et
1915 2235 2013 2301 Cotta

211 2337 382 2418 Maximus,
404 2339 462 2404 filii
485 2340 655 2406 Messallae
680 2341 818 2407 Coruini.
864 2342 911 2406 De
936 2342 1054 2424 quibus
1077 2363 1161 2425 quae
1186 2345 1336 2425 exposuit
1352 2340 1549 2420 Graeberus,
1572 2362 1645 2406 eum
1666 2361 1889 2423 persequerer,
1912 2344 2012 2406 etiam

213 2441 248 2506 in
270 2443 366 2509 uitam
389 2448 492 2526 patris
515 2445 593 2509 mihi
615 2447 843 2529 inquirendum
868 2451 946 2510 erat.
993 2445 1092 2510 Cuius
1114 2445 1173 2510 uiri
1196 2443 1387 2511 nobilissimi
1409 2446 1449 2508 de
1473 2451 1583 2510 aetate
1615 2466 1720 2527 nuper
1750 2446 1877 2529 egregie
1900 2445 2013 2529 dispu-

210 2545 292 2609 tarit
314 2543 575 2634 Nipperdeiuel).
632 2549 696 2614 Sed
719 2573 792 2615 cum
814 2557 929 2634 postea
952 2549 987 2616 Ο.
1012 2550 1212 2638 1188881881)
1241 2553 1438 2616 auctoritate
1461 2557 1607 2614 veterum
1631 2549 1826 2632 scriptorum
1848 2550 1955 2631 specie
1979 2556 2013 2614 et

211 2669 321 2715 secum
345 2657 379 2714 et
400 2656 515 2716 contra
536 2652 768 2736 Nipperdeium
799 2655 1079 2734 consentientium,
1110 2676 1195 2738 quae
1223 2655 1277 2719 ille
1299 2659 1491 2720 consecutus
1515 2659 1597 2732 erat,
1621 2653 1815 2718 deturbasse
1838 2651 1901 2717 sibi
1922 2653 2011 2719 visus

210 2753 261 2832 sit,
284 2751 379 2819 nobis
402 2759 629 2838 proposuimus
651 2757 712 2824 888
734 2759 805 2824 1880
821 2764 873 2824 818
888 2781 909 2824 8
924 2757 1122 2842 Nipperdeio
1138 2759 1263 2823 munita
1276 2779 1345 2822 rem
1360 2762 1540 2821 retractare
1557 2763 1599 2834 et,
1617 2759 1644 2820 si
1661 2756 1732 2820 fieri
1748 2757 1861 2838 possit,
1879 2777 2009 2840 augere.

365 2857 538 2925 Messallae
561 2862 602 2926 de
626 2882 710 2927 auno
734 2867 768 2926 et
791 2863 893 2928 natali
918 2869 951 2927 et
973 2862 1066 2927 fatali
1088 2862 1171 2928 alius
1187 2861 1285 2928 aliam
1308 2859 1444 2944 protulit
1465 2860 1672 2925 sententiam.
1716 2859 1825 2924 Vitam
1841 2862 1910 2925 eius
1927 2860 2011 2925 enim

210 2963 730 3048 888888888018188888888881)
754 2973 787 3030 ot
810 2966 842 3036 G.
867 2967 919 3032 Fr.
943 2967 1178 3054 Hermaunus⁵)
1201 2967 1242 3031 ab
1266 2987 1295 3031 8.
1317 2966 1357 3032 67
1383 2985 1412 3028 a.
1427 2962 1502 3028 Chr.
1527 2965 1570 3028 ad
1592 2967 1652 3032 ab
1676 2985 1706 3045 p.
1731 2963 1816 3043 chr,
1841 2964 2011 3042 Wiesius⁶)

209 3065 252 3130 ab
275 3087 304 3131 8.
329 3068 370 3134 14
382 3087 410 3135 8.
435 3066 508 3132 chr.
533 3069 576 3133 ad
598 3091 627 3135 a.
652 3071 713 3137 28.
738 3069 824 3150 chr,
847 3070 947 3137 Henr.
970 3071 1147 3154 Meyerus')
1170 3071 1212 3135 ab
1237 3091 1264 3137 a.
1289 3070 1372 3154 698.
1398 3067 1470 3137 cur.
1494 3069 1536 3132 ed
1558 3068 1701 3132 medium
1730 3068 1869 3154 Augusti
1892 3071 2011 3151 princi-

208 3175 332 3252 patum,
355 3170 599 3256 Nipperdeius⁸)
624 3174 665 3238 ab
689 3195 718 3243 a.
742 3176 783 3240 64
807 3196 836 3239 8.
861 3174 933 3240 Chr.
958 3176 1001 3240 ad
1024 3195 1053 3240 a.
1076 3175 1096 3238 9
1118 3195 1149 3257 p.
1173 3173 1258 3252 Chr,
1282 3172 1319 3237 Ο.
1342 3171 1534 3258 (8188881881)
1564 3172 1606 3236 88
1636 3193 1665 3236 a.
1689 3171 1730 3237 59
1753 3193 1784 3236 8.
1809 3170 1887 3237 Chr.
1914 3173 1958 3237 ad
1980 3193 2010 3240 a.
2056 3251 2061 3260 Ι

210 3274 251 3338 13
273 3295 304 3357 p.
329 3271 414 3350 Chr,
436 3275 598 3341 Arnoldns
623 3277 860 3364 Schaeferus¹⁰)
885 3283 918 3342 et
941 3277 1167 3362 Graeberus¹¹)
1192 3275 1233 3340 ab
1256 3297 1283 3342 a.
1309 3277 1351 3343 65
1374 3298 1403 3340 a.
1427 3275 1500 3340 Chr.
1523 3275 1566 3340 ed
1589 3297 1618 3344 a.
1643 3277 1663 3340 8
1685 3297 1717 3358 p.
1740 3273 1859 3360 Chr.¹²)

365 3464 383 3533 ¹)
401 3466 511 3520 Duabus
530 3467 559 3520 in
576 3468 642 3521 diss.
680 3467 788 3534 Quaest.
808 3466 888 3526 Ovid.
911 3483 974 3536 pars
992 3469 1066 3536 prior
1086 3465 1219 3522 lllberield
1246 3466 1309 3519 1881
1334 3471 1362 3519 et
1385 3463 1624 3533 Untersuebungen
1654 3467 1720 3518 uber
1748 3463 1833 3518 Ovids
1852 3464 1942 3518 Briele
1961 3481 2010 3518 aue

209 3550 257 3604 888
275 3549 466 3620 Verbannung.
504 3552 539 3606 11.
559 3551 628 3612 Tell.
648 3553 714 3606 ibid.
736 3552 810 3607 1884.

361 3634 383 3703 ²)
403 3637 472 3690 Mus.
492 3638 577 3697 Rhea.
598 3639 665 3693 XIX
682 3657 708 3710 p.
729 3641 828 3694 28188.
856 3639 899 3693 Ex
911 3639 1076 3708 Nipperdeio
1094 3639 1221 3704 Valeton,
1240 3639 1285 3707 qui
1296 3638 1406 3691 ultimus
1424 3643 1552 3706 quantum
1570 3639 1627 3690 8810
1646 3639 1727 3690 vitem
1747 3635 1891 3692 Messallae
1900 3641 2011 3709 scripsit

209 3721 348 3792 (Grouing.
371 3723 456 3790 1871),
475 3725 528 3779 1888
547 3727 644 3793 omnia,
664 3743 732 3794 8888
749 3727 781 3780 88
803 3727 853 3780 bac
871 3743 899 3779 re
917 3725 991 3792 dicit,
1010 3727 1049 3778 ita
1064 3727 1186 3796 sumpsit,
1205 3730 1243 3792 nt,
1262 3741 1328 3794 quae
1346 3723 1393 3777 ille
1406 3739 1532 3792 germana
1551 3723 1641 3792 lingua
1659 3727 1829 3794 exposuerat,
1850 3725 1878 3777 in
1896 3723 2009 3780 latinam

207 3814 332 3864 uerteret

361 3893 383 3963 ³)
403 3895 512 3964 Queeet.
530 3896 703 3956 Annaeanae,
723 3899 816 3954 Sedini
838 3899 903 3953 1873
921 3916 948 3969 p.
969 3899 1080 3952 33-35.

362 3979 384 4048 ⁴)
402 3982 434 4036 In
451 3984 522 4037 notis
540 3983 574 4036 88
593 3983 738 4038 Eusebium
757 4001 783 4055 p.
805 3985 855 4040 180
873 3986 1022 4039 coniciens:
1051 3984 1259 4054 „Hieronymum
1285 3987 1472 4052 properantem
1495 3987 1523 4036 et
1546 3981 1619 4036 eliud
1644 3987 1766 4053 agentem
1791 3989 1897 4053 tempus
1916 3985 2010 4038 obitus

206 4069 340 4125 Pollionis
359 4074 387 4123 et
405 4069 546 4124 Messallae
566 4073 772 4129 commutasset

359 4153 382 4220 ⁵)
403 4155 444 4208 De
461 4157 551 4226 script.
572 4157 620 4222 ill,
639 4155 1154 4227 888888188808811188.8888888.
1173 4156 1263 4209 88808.
1283 4155 1432 4209 adnotavit.

363 4237 385 4307 6)
404 4242 445 4294 De
464 4242 545 4300 Mese.
566 4244 676 4298 Corvini
695 4245 752 4298 vita
769 4249 796 4298 ct
814 4245 914 4298 studiis
933 4244 1079 4300 doctrinae,
1101 4241 1189 4296 Berol.
1211 4243 1277 4297 1829
1294 4259 1320 4311 p.
1339 4242 1373 4295 43
1389 4259 1424 4295 ss.

362 4326 382 4396 ¹)
401 4327 475 4382 Orat
494 4329 606 4388 Roman.
626 4331 720 4400 fragm.
738 4347 802 4384 aux.
822 4337 850 4384 et
868 4331 968 4388 emend.
990 4329 1122 4394 Duebner,
1141 4329 1256 4384 Parisiis
1277 4328 1341 4382 1837
1360 4329 1391 4383 fr.
1407 4327 1540 4382 LXXXV
1559 4329 1596 4398 (p.
1617 4327 1689 4398 386).

360 4412 381 4483 ⁸)
399 4416 430 4470 L.
449 4433 472 4470 8.
509 4414 530 4486 ο)
548 4417 579 4470 L.
593 4432 615 4469 8.

346 4499 425 4567 10)Ι8
444 4502 523 4570 libro,
543 4517 596 4572 quo
614 4503 734 4556 breviter
752 4501 785 4556 de
803 4502 870 4560 font.
891 4504 955 4558 bist.
973 4519 1037 4556 rom.
1057 4503 1186 4572 exposuit
1202 4501 1237 4555 II.
1256 4518 1282 4571 p.
1304 4503 1362 4556 100.

345 4589 375 4656 ¹¹)
394 4587 503 4654 Quaest
523 4589 603 4644 ovid.
622 4589 769 4642 1818881818.
808 4590 872 4644 1881
892 4607 918 4660 p.
937 4589 1014 4645 XVI.

346 4672 995 4744 1’)Β8881ι88188ι((1188881888888188Χ171),
1022 4692 1100 4746 quem
1118 4675 1250 4746 Nipperd.
1277 4677 1384 4745 saepius
1411 4675 1510 4739 laudat,
1536 4675 1670 4743 inspicere
1695 4676 1762 4729 mibi
1789 4690 1842 4728 non
1868 4673 1955 4728 licuit.
1972 4701 2007 4713 -

207 4760 302 4830 Neque
321 4761 421 4830 881888
439 4763 546 4832 respexi
565 4761 662 4831 Georg.
699 4761 935 4832 Wartenbergium
955 4763 1063 4828 Quaest.
1083 4763 1162 4817 0818.
1179 4762 1268 4816 Berol.
1290 4763 1364 4829 1881,
1383 4763 1430 4831 881
1447 4779 1474 4832 p.
1496 4762 1581 4817 4-13
1602 4763 1636 4816 de
1657 4777 1739 4815 cauea
1759 4765 1852 4814 nostra
1872 4761 2008 4830 sagaciter

207 4846 339 4917 disputat,
358 4849 422 4916 8818
440 4848 506 4902 8888
523 4849 577 4901 iam
596 4849 699 4919 scripte
716 4854 800 4916 erant,
820 4864 880 4902 cum
895 4850 965 4905 liber
976 4850 1023 4903 ille
1041 4851 1069 4903 18
1082 4865 1175 4903 manus
1194 4851 1275 4903 venit.
1303 4850 1432 4904 Libenter
1449 4853 1538 4902 eutem
1556 4849 1643 4904 fateor
1655 4866 1697 4902 me
1716 4864 1797 4918 88888
1815 4863 1875 4902 cnm
1893 4862 1925 4901 eo
1944 4861 2007 4900 eon·

205 4949 312 5003 gruem
330 4934 364 4987 de
381 4934 564 5005 compluribus
584 4940 673 4989 autern
692 4934 769 5000 18818,
789 4936 817 4988 18
838 4937 938 5005 881888
956 4936 1080 5006 discrepo
1099 4940 1126 4990 et
1143 4952 1211 5005 quos
1230 4938 1331 4989 interea
1348 4936 1496 5004 immutavi,
1516 4951 1558 4989 888
1577 4936 1642 4989 mihi
1661 4950 1721 4988 cum
1739 4949 1771 4988 80
1791 4935 1850 4989 erit.
